2512 4096
166 279 226 341 ito
497 289 640 337 venenu
661 289 786 338 sunnis
808 290 849 338 111

164 460 193 508 et
213 444 314 524 positis
335 444 473 511 erisiam
496 450 562 504 vota
582 444 612 504 in
634 443 720 505 litore
741 442 850 513 solves,

162 544 314 607 purpureo
330 526 427 589 velare
450 544 548 589 comas
568 527 726 605 adopertus
743 530 865 595 amictu,

163 628 258 689 nequa
280 612 357 671 inter
379 618 495 672 sanctos
516 612 592 687 ignis
613 613 644 672 in
666 611 780 672 honore
801 611 924 672 deorum

162 693 274 755 hostilis
296 693 386 755 iacies
410 701 548 756 occurrat
569 701 599 754 et
617 696 716 756 omina
736 694 844 756 turbet.

160 778 240 838 ltunc
260 777 332 838 socii
352 796 466 839 morem
487 795 656 848 sacrorum,
677 778 756 840 hunc
776 781 838 856 ipse
862 786 972 847 teneto,

160 859 217 922 hac
234 863 306 922 casti
325 870 461 924 maneant
482 864 513 923 in
530 860 672 940 religione
693 871 823 940 nepotes.

162 953 205 1006 ast
226 945 278 1006 ubi
302 945 468 1024 digressum
486 943 600 1007 Siculae
621 953 651 1007 te
672 946 833 1008 admoverit
854 965 923 1007 orae

161 1039 264 1089 ventus
283 1036 312 1090 et
329 1030 444 1107 angusti
464 1036 618 1090 rarescent
637 1029 765 1092 ,claustra
787 1029 900 1098 Pelori,

90 1116 96 1125 ’
162 1127 241 1173 laeva
262 1112 314 1174 tibi
335 1111 421 1174 tellus
444 1120 472 1174 et
491 1112 579 1193 longo
600 1112 682 1175 laeva
703 1120 840 1192 petantur

161 1214 290 1274 aequora
313 1198 453 1267 circuitu,
475 1198 612 1260 dextrum
632 1199 701 1276 luge
717 1196 786 1258 litus
809 1203 838 1257 et
858 1198 960 1258 undas.

162 1279 234 1342 haec
256 1280 321 1342 loca
342 1283 370 1341 ri
389 1282 537 1360 quondam
556 1290 585 1343 et
605 1288 685 1342 vasta
708 1280 845 1342 convolsa
866 1285 951 1341 ruina

162 1363 285 1442 (tantum
308 1367 369 1427 aevi
388 1366 547 1445 longinqua
568 1364 644 1426 valet
665 1372 780 1426 mutare
803 1369 940 1440 vetustas)

163 1448 320 1510 dissiluisse
341 1450 453 1521 lerunt,
478 1469 546 1512 cum
566 1451 699 1529 protinus
720 1456 846 1529 utraque
867 1449 952 1509 tellus

165 1548 222 1591 una
239 1531 329 1593 foret:
352 1535 431 1595 venit
451 1536 548 1596 medio
569 1536 597 1595 vl
616 1539 725 1614 pontus
744 1540 773 1595 et
793 1533 880 1594 undis

165 1613 336 1694 llesperium
358 1617 456 1679 Siculo
471 1617 547 1681 latus
568 1618 705 1689 abscidit,
729 1634 855 1696 arvaque
878 1625 907 1677 et
924 1616 1014 1676 nrbes

164 1695 246 1765 litore
266 1698 399 1762 diductas
421 1709 544 1778 angusto
565 1702 697 1763 interluit
718 1709 809 1762 aestu.

163 1783 297 1844 dextrum
319 1783 415 1864 Scylla
436 1784 526 1857 latus,
549 1786 663 1848 laevom
680 1784 823 1864 inplacata
845 1783 1006 1862 Charybdis

161 1866 289 1936 obsidet,
312 1875 399 1947 atque
420 1869 479 1930 imo
501 1870 634 1932 barathri
652 1876 698 1931 ter
720 1869 835 1948 gurgite
856 1875 952 1928 vastos

161 1951 261 2013 sorbet
281 1951 313 2013 iu
336 1952 495 2031 abruptum
515 1953 623 2016 iluctus
645 1971 808 2032 rursusque
830 1951 884 2013 suh
907 1968 993 2012 auras

161 2036 247 2111 erigit
270 2034 399 2098 alternos
421 2045 450 2099 ot
471 2038 567 2101 sidera
587 2037 723 2099 verberat
744 2037 831 2097 unda.

162 2127 190 2177 at
214 2118 340 2198 Scyllam
361 2124 456 2183 caecis
478 2122 595 2185 cohibet
613 2120 753 2200 spelunca
770 2118 890 2181 latebris

161 2219 213 2261 ora
237 2210 418 2266 exortantem
436 2213 466 2267 et
483 2208 563 2268 navis
584 2208 615 2267 in
637 2223 705 2266 saxa
725 2203 901 2265 trahentem.

160 2285 255 2362 prima
276 2286 402 2349 hominis
423 2290 511 2350 iacies
534 2298 563 2352 et
585 2289 709 2368 pulchro
729 2295 850 2366 pectore
871 2288 953 2365 virgo

159 2367 239 2445 pube
260 2376 361 2441 tenus,
389 2380 538 2450 postrema
557 2374 678 2433 immani
697 2390 824 2450 corpore
842 2373 945 2450 pistrix

160 2449 332 2530 delphinum
354 2455 462 2517 caudas
482 2464 569 2517 utero
588 2455 742 2515 commissa
763 2454 911 2533 luporum.

159 2542 289 2612 praestat
308 2537 452 2600 Trinacrii
469 2547 561 2601 metas
582 2538 710 2599 lustrare
732 2537 861 2618 Pachyni

160 2628 321 2681 cessantem
342 2620 447 2698 longos
470 2629 497 2682 et
520 2620 752 2682 circumflectere
774 2639 891 2689 cursus,

161 2721 248 2781 quam
271 2704 362 2766 semel
382 2705 538 2766 informem
559 2711 639 2763 vasto
662 2703 768 2765 vidisse
790 2704 844 2765 sub
866 2710 949 2764 antro

160 2786 285 2865 Scyllam
307 2796 335 2848 et
354 2787 497 2849 caeruleis
519 2785 641 2849 canibus
662 2788 830 2849 resonantia
854 2805 932 2848 sara.

160 2877 313 2946 praeterea
336 2873 419 2950 siqua
439 2879 482 2933 est
503 2870 614 2933 lieleno
636 2872 810 2950 prudentia,
832 2872 890 2933 vati

159 2954 241 3032 siqua
261 2955 346 3026 ildes,
369 2955 499 3017 animum
521 2957 545 3016 si
566 2957 642 3017 veris
659 2954 761 3035 implet
781 2956 902 3034 Apollo,

158 3054 252 3098 unum
273 3038 345 3098 illud
366 3037 433 3111 tibi,
455 3048 522 3102 nate
542 3041 610 3110 dea,
632 3058 747 3119 proque
768 3040 904 3102 omnibus
925 3056 1017 3098 unum
1132 3047 1139 3068 ²

158 3122 327 3200 praedicam
350 3129 379 3184 et
399 3132 536 3201 repetens
557 3126 724 3204 iterumque
745 3126 911 3202 iterumque
931 3121 1072 3182 monebo:

159 3205 278 3268 lunonis
298 3225 421 3287 magnae
441 3209 569 3285 primum
585 3225 675 3286 prece
695 3224 805 3268 numen
826 3207 930 3274 adora,

158 3288 263 3351 lunoni
284 3309 357 3353 eane
378 3299 444 3353 vota
466 3291 560 3353 libens
581 3291 788 3368 dominamque
805 3295 956 3367 potentem

160 3372 340 3451 supplicibus
363 3392 470 3454 supera
491 3375 590 3443 donis,
619 3375 661 3433 sic
683 3372 809 3451 denique
831 3374 924 3434 victor

158 3455 312 3520 Trinacria
333 3459 398 3518 linis
415 3457 502 3519 ltalos
520 3457 637 3518 mittere
654 3455 765 3517 relicta.

68 3624 74 3636 ·
158 3538 218 3601 hnc
236 3542 287 3603 ubi
306 3540 418 3602 delatus
440 3539 594 3620 Cymaeam
615 3539 774 3602 accesseris
793 3539 898 3601 urbem
