2512 4096
119 298 180 360 370
335 310 338 314 “
439 305 469 352 r.
493 304 637 353 vuaarm
658 304 867 354 nauours·

118 464 178 524 sive
200 468 245 523 est
266 467 371 521 neutra
392 478 500 539 parens
522 467 609 538 atque
630 460 687 521 boc
707 461 739 519 iu
761 461 901 522 carmine
924 468 993 524 toto

117 546 247 624 inguinis
269 552 314 605 est
335 544 436 605 vitium
459 551 489 604 et
510 543 632 603 Veneris
652 542 801 623 descripta
823 543 938 616 libido;

118 632 178 691 sive
200 630 287 689 etiam
309 629 395 690 iactis
416 627 546 706 speciem
564 633 675 688 mutata
697 629 820 687 venenis
1114 637 1140 689 u

118 711 220 773 infelix
240 714 322 791 virgo
346 710 426 791 (quid
449 712 528 771 enim
550 711 738 771 commiserat
757 709 829 771 illa?

118 798 181 876 lpse
203 804 287 875 pater
308 794 441 856 timidam
463 795 541 854 sicca
563 793 734 873 complexus
756 810 848 854 arena

119 881 288 958 coniugium
310 896 396 940 carae
418 876 576 938 violaverat
596 877 802 956 Amphitriten

119 971 249 1025 attamen
271 964 367 1041 exegit
389 961 477 1040 longo
499 968 566 1040 post
586 967 720 1040 tempore
740 976 861 1040 poenas,

118 1056 166 1118 ut,
190 1065 257 1108 cum
279 1064 350 1107 cura
372 1046 417 1106 sui
438 1045 595 1105 veheretur
616 1046 748 1122 coniugis
770 1043 840 1115 alto,

118 1134 181 1211 ipsa
203 1138 318 1192 trucem
340 1128 432 1190 multo
454 1130 593 1188 misceret
613 1130 755 1208 sanguino
777 1134 932 1210 pontum„

119 1233 173 1276 seu
194 1232 278 1284 uero,
300 1220 334 1274 ut
354 1211 527 1294 perbibent,
550 1211 646 1272 torma
668 1229 735 1272 cum
756 1213 892 1273 vinceret
913 1230 1026 1277 omues

120 1305 150 1359 et
171 1297 294 1376 cupidos
316 1303 439 1375 quaestu
460 1297 568 1375 passim
591 1295 747 1374 popularet
768 1302 914 1368 amantes,

119 1380 278 1442 horribiles
300 1381 412 1441 circum
432 1379 504 1439 vidit
525 1397 557 1440 se
574 1381 678 1439 sistere
700 1378 810 1440 formas

118 1463 249 1544 piscibus
271 1471 301 1524 et
322 1462 502 1543 canibusque
524 1462 608 1523 malis
630 1462 733 1524 vallata
754 1471 912 1541 repentest

121 1547 189 1627 (beu
212 1549 348 1625 quotiens
369 1548 474 1607 mirma
496 1563 587 1607 novos
608 1545 749 1625 expalluit
770 1547 866 1607 artus!

96 1632 183 1711 ,ipsa
205 1648 274 1691 suos
311 1631 446 1710 quodem
467 1629 526 1690 beu
546 1631 701 1709 pertimuit
720 1629 878 1705 latraturi),

120 1731 190 1775 ausa
212 1713 291 1793 quod
312 1722 358 1773 est
378 1712 484 1773 mulier
505 1728 615 1773 numen
637 1713 775 1774 fraudare
796 1714 923 1776 deorum

121 1804 151 1859 et
173 1797 281 1858 dictam
302 1797 410 1856 Veneri
431 1803 565 1856 votorum
588 1803 720 1857 avertere
742 1814 877 1877 poenam,

121 1899 225 1960 quam,
248 1879 325 1942 mala
347 1879 503 1959 multiplici
524 1881 661 1941 iuvenum
676 1882 754 1959 quod
776 1888 878 1960 saepta
901 1892 1026 1948 caterva
1113 1892 1142 1946 00

120 1967 192 2025 vixit
213 1972 334 2043 eratque
356 1965 454 2024 animo
477 1965 618 2025 meretrix
639 1966 744 2025 iactata
765 1964 906 2038 ferarum,

120 2047 261 2110 iulamem
283 2047 335 2108 tali
356 2049 461 2109 merito
483 2065 604 2108 rumore
625 2047 715 2109 luisse
819 2078 825 2089 ’

122 2132 207 2192 docta
229 2131 418 2210 Palaephatia
439 2137 563 2192 testatur
584 2150 656 2192 voce
677 2149 819 2212 papyrus:

121 2214 264 2294 quidquid
286 2221 316 2276 et
336 2222 370 2275 ut
411 2216 513 2294 uiaque
535 2223 580 2276 est
600 2214 652 2276 tali
673 2216 710 2275 de
731 2213 814 2276 clade
835 2214 964 2289 locutus,

104 2294 328 2378 Mnemosyne,
350 2235 448 2377 padus
469 2299 556 2359 liceat
576 2305 730 2360 notescere
755 2301 841 2370 cirin,
1110 2309 1143 2362 00

122 2389 209 2463 atque
231 2400 319 2443 uuam
341 2401 378 2442 ex
399 2381 497 2443 multis
516 2381 646 2460 Scyllam
668 2400 728 2444 non
751 2401 815 2445 esse
835 2384 954 2463 puellis.

122 2484 213 2546 quare
236 2484 311 2546 quae
334 2472 437 2526 cantus
457 2465 612 2526 meditanti
633 2467 751 2527 mittere
773 2473 874 2527 curtos

122 2565 227 2626 magna
250 2549 323 2610 mihi
344 2549 450 2628 cupido
474 2549 615 2610 tribuistis
636 2551 782 2629 praemia,
807 2549 890 2611 divae

121 2631 267 2703 Pierides,
290 2650 415 2712 quamm
437 2640 532 2692 castos
553 2631 708 2693 alabastria
729 2641 829 2713 postes

121 2734 245 2776 munere
267 2732 355 2794 saepe
377 2733 444 2774 meo
465 2714 601 2774 inliciunt
622 2714 793 2795 foribusque
815 2717 971 2796 hyacinthi
1108 2726 1139 2778 05

122 2799 290 2878 dependent
311 2797 400 2858 liores
422 2805 472 2858 aut
491 2814 580 2858 suave
601 2797 713 2859 rubens
734 2803 883 2862 narcissus

122 2889 173 2944 aut
194 2899 298 2942 crocus
319 2880 433 2942 alterna
454 2882 636 2960 coniungens
656 2881 717 2943 lilia
739 2884 835 2944 caltha

122 2984 281 3047 sparsaque
302 2964 452 3026 liminibus
472 2966 559 3026 lloret
580 2984 661 3037 rosa,
684 2984 764 3028 nunc
785 2985 854 3046 age,
879 2968 976 3039 dirae,

122 3053 281 3131 praecipue
303 3056 405 3111 nostro
427 3066 507 3110 nuno
529 3049 676 3130 adspirate
698 3050 792 3112 labori

121 3142 210 3213 atque
232 3152 339 3196 novum
362 3141 484 3195 aeterno
505 3137 668 3213 praetexite
689 3135 804 3196 honore
825 3132 978 3197 volumen.
1094 3146 1141 3200 000

164 3218 239 3278 Sunt
259 3216 429 3278 Pandioniis
450 3219 563 3278 vicinae
584 3217 704 3279 sedibus
724 3219 815 3280 urbes

120 3302 244 3362 Actaeos
265 3303 343 3361 inter
366 3301 456 3362 colles
479 3310 508 3361 et
530 3300 654 3362 candida
676 3301 785 3363 Thesei

120 3385 277 3465 purpureis
299 3383 357 3445 late
378 3385 504 3446 ridentia
525 3383 611 3445 litora
634 3385 763 3456 conchis,

121 3486 245 3549 quarum
268 3484 327 3528 non
349 3466 403 3528 ulli
423 3467 501 3529 fama
523 3468 687 3530 concedere
709 3467 797 3547 digna

121 3558 179 3614 stat
199 3553 331 3631 Megara,
353 3551 487 3614 hloatboi
508 3552 656 3631 quondam
677 3555 790 3614 munita
812 3550 923 3624 labore,
1096 3565 1142 3623 toa
