2512 4096
132 264 193 328 ³00
477 272 761 321 vnaaamauums
777 273 800 319 x

132 439 213 494 actm
235 448 316 509 aper,
335 429 443 492 multos
466 427 589 490 Vesulus
611 446 698 508 quem
720 427 827 506 pinifer
845 445 937 489 annos

133 515 263 578 defendit
285 513 429 576 multosve
448 512 533 593 palus
550 511 717 583 Laurentia,
738 510 808 573 silva

132 606 233 679 pastus
252 598 446 668 harundineo,
468 603 624 676 postquam
646 596 723 658 inter
742 597 816 657 retia
836 601 992 665 ventumst,
1100 603 1153 656 tio

132 681 260 745 substitit
279 683 489 761 infremuitque
509 681 595 742 ferox
617 687 646 742 et
667 679 814 741 inhorruit
831 697 937 749 armos,

132 785 188 829 aec
211 768 347 847 cuiquam
366 767 456 828 irasci
475 767 658 844 propiusque
679 764 821 827 accedere
843 764 943 834 thius,

132 851 185 913 sed
206 850 308 913 iaculis
329 852 458 931 tutisque
476 848 582 930 procui
604 849 782 910 clamoribus
801 850 925 915 instant:

132 933 181 997 illo
203 942 302 997 summ
321 934 475 1015 inpavidus
495 935 588 1012 partis
609 939 763 995 cunctatur
781 933 812 994 iu
830 934 934 1005 omnis,

132 1019 269 1082 dentibus
289 1017 470 1090 infrendens,
492 1025 522 1080 et
542 1024 627 1096 tergo
644 1016 754 1078 decutit
775 1017 889 1078 hastas:

133 1103 205 1166 haut
225 1103 319 1176 aliter,
340 1105 435 1166 iustae
458 1101 566 1183 quibus
587 1107 632 1162 est
648 1102 809 1163 Mezentius
827 1101 898 1172 irae,

133 1206 193 1249 non
211 1187 262 1249 uili
283 1195 329 1250 est
347 1189 462 1250 animus
483 1188 585 1248 stricto
608 1202 788 1247 concurrere
808 1185 904 1253 ferro:

133 1271 295 1335 missilibus
320 1270 409 1352 ionga
428 1279 456 1333 et
476 1277 557 1333 vasto
580 1268 710 1332 clamore
730 1268 887 1331 lacessunt.

136 1363 255 1418 venerat
277 1358 404 1435 antiquis
424 1355 543 1436 Corythi
565 1354 602 1416 de
621 1353 731 1415 finibus
750 1354 859 1423 Acron,

133 1441 240 1502 Graius
262 1439 361 1510 homo,
382 1440 507 1502 infectos
529 1439 665 1519 linquens
685 1438 829 1517 profugus
852 1438 1041 1518 hymenaeos.

133 1524 214 1585 hunc
235 1523 287 1584 ubi
305 1526 480 1585 miscentem
501 1523 589 1600 longe
610 1523 709 1584 media
729 1524 846 1600 agmina
865 1522 944 1591 vidit,

133 1624 319 1687 purpureum
338 1608 437 1685 pinnis
455 1614 484 1669 et
500 1616 605 1685 pactae
626 1608 760 1684 coniugis
781 1615 878 1667 ostro:

134 1693 266 1770 inpastus
283 1690 398 1752 stabula
416 1691 474 1752 alta
495 1691 542 1752 leo
564 1709 618 1751 ceu
638 1708 728 1769 saepe
746 1708 908 1768 peragrans

138 1775 253 1855 (suadet
275 1776 353 1836 enim
374 1792 499 1836 vaesana
521 1775 635 1850 fames),
656 1775 681 1834 si
699 1774 776 1835 forte
797 1774 931 1853 fugacem

135 1860 288 1937 conspexit
308 1876 445 1937 capream
466 1868 517 1920 aut
536 1865 708 1937 surgentem
728 1860 759 1918 in
782 1876 893 1921 cornua
916 1877 1047 1931 cervom,

137 1943 255 2022 gaudet,
277 1943 362 2005 hians
383 1944 520 2016 immane,
542 1950 700 2022 comasque
721 1944 832 2005 arrexit
855 1951 884 2004 at
902 1943 1006 2005 haeret
1230 1946 1232 1951 '

134 2027 296 2089 visceribus
323 2044 413 2108 super
434 2027 618 2098 incumbens,
639 2026 708 2088 lavit
724 2027 851 2105 inproba
872 2035 965 2089 taeter

137 2129 189 2172 ora
212 2129 316 2192 cruor,
356 2128 358 2132 ·

135 2196 179 2256 sic
200 2197 260 2258 ruit
279 2197 308 2257 in
330 2197 438 2258 densos
458 2194 554 2258 alacer
575 2196 735 2257 Mezentius
753 2196 856 2257 hostis.

135 2280 277 2341 sternitur
300 2279 402 2342 infelix
423 2279 522 2341 Acron
544 2287 573 2341 et
595 2279 725 2341 calcibus
746 2288 841 2342 atram

135 2364 232 2425 tundit
250 2365 374 2426 humum
396 2366 534 2443 expirans
555 2365 738 2443 infractaque
759 2364 818 2425 teia
839 2373 982 2428 cruentat.

136 2452 225 2526 atque
246 2448 325 2508 idem
346 2450 507 2525 fugientem
528 2448 599 2509 haut
619 2455 663 2510 cst
682 2448 818 2526 dIgnatus
837 2448 955 2510 Oroden

136 2536 271 2592 sternere
289 2549 346 2592 nec
366 2533 442 2593 iacta
464 2549 586 2594 caecum
603 2533 676 2593 dare
698 2531 819 2610 cuspide
840 2532 959 2594 volnus:

136 2613 239 2675 obvius
257 2615 441 2694 adversoque
462 2617 593 2676 occurrit
614 2633 705 2694 seque
725 2617 790 2677 viro
807 2619 853 2677 vir

136 2697 267 2770 contulit,
289 2697 361 2759 hant
381 2699 460 2758 furto
482 2697 597 2768 melior,
620 2699 673 2760 sed
694 2698 820 2760 fortibus
843 2703 943 2763 armis.
992 2759 994 2763 ,
1100 2707 1153 2759 ssd

135 2787 199 2842 tum
219 2799 309 2861 super
330 2781 478 2843 abiectum
496 2785 592 2860 posito
614 2781 690 2862 pede
711 2783 797 2845 nixus
820 2791 849 2845 et
871 2785 955 2846 hasta

137 2875 222 2945 ‘pars
244 2865 314 2928 belli
336 2865 396 2926 hau
415 2867 584 2938 temnenda,
606 2867 669 2938 viri,
692 2867 768 2928 iacet
789 2867 865 2930 altus
889 2868 1022 2930 Orodes·
1091 2888 1094 2893 ·

136 2947 414 3012 conclamant‘socii
436 2950 545 3013 laetum
566 2968 679 3032 paeana
701 2953 803 3014 secuti.

135 3033 184 3095 ille
204 3044 303 3098 autem
322 3036 460 3115 expirans
483 3045 556 3097 ‘non
578 3055 635 3106 me,
659 3037 836 3117 quicumque
857 3054 898 3106 es,
921 3035 1025 3106 inulto,

136 3119 240 3191 victor,
262 3137 319 3180 uec
339 3118 462 3199 longam
481 3120 645 3183 laetabere:
667 3128 697 3181 te
719 3139 837 3201 quoque
854 3120 913 3181 fata
1104 3127 1155 3179 ⁷4⁰

135 3209 327 3280 prospectant
346 3207 429 3282 paria
452 3211 540 3282 atque
562 3204 664 3265 eadem
684 3221 753 3266 mox
774 3222 843 3264 arra
862 3203 995 3266 tenebis.¹

136 3285 174 3348 ad
196 3303 271 3364 quae
292 3287 449 3349 subridens
466 3290 555 3349 mixta
577 3289 737 3348 Mezentius
758 3289 802 3348 ira

138 3377 233 3432 ‘nunc
246 3387 373 3432 morere.
408 3378 453 3431 ast
473 3372 510 3432 de
531 3389 579 3432 mc
598 3372 694 3431 divom
710 3379 796 3449 pater
816 3380 904 3452 atque
925 3372 1084 3436 hominum
1104 3389 1159 3435 rex

136 3451 260 3513 viderit!
290 3454 348 3515 hoc
367 3455 469 3515 dicens
491 3454 591 3516 eduxit
613 3471 741 3533 corpore
761 3455 870 3517 talum:

138 3533 186 3596 oili
207 3535 281 3599 dura
305 3539 388 3618 quies
409 3537 510 3600 oculos
534 3545 563 3600 et
585 3538 701 3599 ferreus
721 3546 808 3617 urget
1106 3548 1159 3598 aad
