2512 4096
408 277 553 326 VERGILI
568 277 696 326 tumme
711 280 735 325 X

65 442 179 513 (aspera
201 434 266 512 quis
287 443 393 495 natura
411 432 470 493 loci
492 434 638 494 dimittere
658 433 775 510 quando

63 519 154 579 suasit
175 519 287 599 equos),
307 535 400 580 unum
423 517 501 596 quod
522 516 613 577 rebus
635 523 725 577 restat
748 517 857 594 egenis,

60 614 142 663 nunc
160 619 259 678 prece,
285 619 364 663 nunc
385 601 471 662 dictis
492 602 630 662 virtutem
652 600 787 661 accendit
808 602 930 661 amaris:

68 682 138 763 ‘quo
156 685 263 764 lugitis,
287 685 378 746 socii?
405 702 532 764 perros
555 690 584 745 et
603 684 688 745 tortia
711 684 797 752 lacta,

61 786 116 849 per
139 769 221 829 ducis
243 769 375 831 Euandri
395 786 504 829 nomen
523 768 693 846 devictaque
715 767 792 828 bella
1028 775 1080 828 87⁰

45 865 205 933 'spemque
226 871 333 922 meam,
356 854 468 931 patriae
491 869 566 932 quae
588 869 668 912 nunc
689 851 769 912 subit
790 852 904 914 aemula
925 851 1013 921 laudi,

61 937 143 998 ildito
160 954 199 997 ne
220 936 357 1016 pedibus.
390 937 471 998 ferro
490 936 655 1017 rumpenda
675 953 730 1013 per
752 935 845 996 hostis

62 1029 106 1082 est
126 1021 181 1081 via.
215 1039 273 1099 qua
295 1020 400 1099 globus
419 1019 469 1082 illa
490 1020 586 1080 virum
608 1020 799 1081 densissimus
819 1028 914 1097 urget,

61 1105 118 1164 hac
139 1121 191 1164 vos
213 1110 242 1164 et
262 1104 395 1166 Pallanta
417 1105 523 1167 ducem
545 1105 640 1182 patria
662 1103 720 1164 alta
741 1105 880 1181 reposcit.

62 1188 184 1248 numina
203 1187 284 1248 nulla
299 1196 454 1266 premunt,
477 1186 596 1249 mortali
614 1205 757 1265 urgemur
779 1187 815 1247 ab
839 1186 924 1248 hoste

61 1269 210 1341 mortales,
232 1271 353 1333 totidem
375 1271 462 1333 nobis
480 1273 654 1350 animaeque
675 1289 849 1349 manusque.

62 1375 141 1426 ecco,
163 1358 255 1417 maris
274 1373 380 1434 magna
402 1354 511 1417 claudit
529 1372 584 1414 nos
606 1355 690 1415 obice
710 1362 829 1434 pontus,

62 1441 127 1501 dest
145 1440 205 1502 iam
224 1449 304 1502 terra
324 1441 428 1517 fugae:
450 1439 573 1519 pelagus
592 1439 751 1500 Troiamne
773 1440 941 1518 petemusi'

64 1523 137 1585 haec
159 1525 199 1585 ait
221 1531 250 1585 et
271 1523 386 1585 medius
406 1522 514 1584 densos
535 1524 704 1602 prorumpit
724 1524 754 1583 in
776 1523 880 1585 hostis.

64 1607 168 1668 obvius
190 1607 260 1668 huic
281 1609 421 1686 primum,
442 1607 508 1668 latis
529 1607 672 1668 adductus
692 1608 808 1686 iniquis,

61 1692 94 1752 lit
112 1690 221 1771 Lagus.
253 1692 344 1761 hunc,
364 1708 472 1771 magno
493 1690 572 1752 vellit
594 1691 665 1751 dum
684 1690 817 1770 pondere
839 1709 952 1765 saxum,

60 1777 171 1834 intorto
190 1775 255 1854 tigit
273 1775 342 1846 telo,
365 1775 534 1837 discrimina
553 1768 645 1835 'costis

60 1877 115 1937 per
136 1859 267 1920 medium
286 1877 344 1939 qna
365 1862 450 1938 spina
475 1859 570 1930 dabat,
595 1859 767 1938 hastamque
789 1867 924 1937 receptat

61 1941 177 2003 ossibus
196 1943 379 2004 haerentem.
413 1961 502 2022 quem
523 1960 583 2002 non
603 1961 692 2020 super
716 1950 841 2020 occupat
861 1941 962 2010 Hisbo,

61 2023 109 2085 ille
129 2025 248 2105 quidem
266 2026 325 2086 hoc
348 2044 486 2103 sperans:
509 2043 578 2085 narn
598 2025 694 2086 Pallas
716 2033 784 2085 ante
804 2032 949 2093 ruentem,

62 2110 133 2169 dum
151 2109 230 2178 furit,
254 2110 404 2170 incautum
425 2108 538 2169 crudeli
557 2119 655 2169 morte
674 2108 782 2168 sodalis

64 2193 173 2271 excipit
195 2198 282 2270 atque
303 2210 404 2253 ensem
425 2192 537 2252 tumido
556 2194 587 2252 in
607 2190 748 2269 pulmone
768 2193 910 2253 recondit
971 2253 972 2256 ,

61 2277 131 2338 hinc
151 2275 304 2337 Sthenium
324 2276 398 2355 petit
419 2281 448 2336 et
466 2274 573 2335 Rhoeti
596 2276 739 2352 degente
760 2283 873 2336 vetusta

61 2359 286 2430 Anchemolum,
306 2358 450 2419 thalamos
471 2376 575 2419 ausum
597 2360 743 2420 incestare
761 2377 916 2421 novercae.

44 2461 113 2532 ‘vos
137 2445 233 2514 etiam,
258 2445 379 2520 gemini,
401 2442 516 2504 Rutulis
539 2444 686 2505 cecidistis
708 2444 738 2504 in
759 2444 846 2521 agris,
919 2484 926 2497 t

62 2529 179 2596 baucia,
203 2528 309 2589 Laride
328 2526 547 2606 Thymberque,
567 2527 715 2588 simillima
735 2527 843 2606 proles,

61 2611 221 2674 indiscreta
240 2614 300 2673 suis
318 2618 479 2692 gratusque
499 2611 672 2691 parentibus
695 2630 797 2681 error;

61 2705 91 2757 at
110 2713 188 2756 nunc
211 2696 283 2756 dura
306 2688 386 2758 dedit
403 2695 485 2757 vohis
507 2695 675 2757 discrimina
697 2695 808 2758 Pallas:

61 2798 130 2840 nam
151 2778 212 2850 tibi,
235 2780 395 2859 Thymbre,
417 2788 505 2858 caput
526 2780 694 2842 Euandrius
716 2780 838 2843 abstulit
860 2785 952 2850 ensis:

61 2874 91 2924 te
114 2864 212 2923 decisa
234 2881 329 2932 suum,
352 2864 468 2933 Laride,
490 2864 610 2925 dextera
632 2866 748 2942 quaerit

64 2945 309 3023 semianimesque
331 2947 442 3005 micant
463 2946 545 3022 digiti
567 2946 740 3024 ferrumque
762 2942 930 3009 retractant

61 3028 192 3089 Arcadas
212 3046 352 3090 accerssos
372 3029 486 3088 monitu
509 3034 538 3088 et
559 3028 711 3106 praeclara
733 3034 842 3091 tuentis

63 3113 140 3173 lacta
158 3113 213 3173 viri
234 3114 343 3174 mixtus
364 3110 449 3173 dolor
472 3118 501 3172 et
523 3110 620 3189 pudor
643 3120 738 3173 armat
758 3114 789 3173 in
814 3114 915 3174 hostis.

64 3208 127 3257 tum
148 3196 244 3258 Pallas
263 3196 371 3275 biiugis
393 3197 554 3274 lugientem
576 3195 707 3257 Rhoetea
729 3203 847 3277 praeter

65 3281 169 3340 traicit.
204 3279 262 3340 hoc
284 3283 410 3361 spatium
431 3289 604 3358 tantumque
624 3298 726 3342 morae
746 3282 799 3343 fuit
817 3281 875 3352 llo;

66 3364 105 3426 llo
126 3382 254 3443 namque
275 3364 381 3444 procul
401 3364 524 3427 validam
547 3365 703 3427 derexerat
722 3366 846 3439 hastam,

65 3468 154 3528 quam
175 3449 289 3511 medius
311 3448 459 3511 Rhoeteus
479 3451 636 3528 intercipit,
657 3452 766 3529 optime
786 3451 926 3520 Teuthra,

64 3545 92 3597 te
113 3534 229 3613 lugiens
251 3533 434 3610 fratremque
455 3535 562 3613 Tyren,
585 3552 735 3613 curruque
755 3535 870 3597 volutus

816 3637 875 3695 19·
