2512 4096
575 283 698 332 CULEX.

125 441 151 502 si
172 456 231 500 non
252 438 371 518 Assyrio
391 437 506 517 fulgent
525 435 572 498 bis
592 436 671 497 lauta
694 434 792 497 colore
834 440 838 449 '

124 521 255 584 Attalicis
277 521 382 600 opibus
404 521 471 582 data
492 518 618 590 vellera,
641 522 667 580 si
688 521 767 580 nitor
788 520 853 581 auri

124 605 180 667 sub
202 603 339 684 laqueare
362 604 466 666 domus
488 605 619 665 animum
641 622 702 664 non
724 605 805 681 angit
827 620 945 664 avarum

123 690 313 769 picturaeque
336 687 440 757 decus,
463 686 593 767 lapidum
615 704 670 747 nec
692 685 789 764 iulgor
810 688 841 747 in
864 686 921 747 ulla

124 773 258 851 cognitus
280 770 420 842 utilitate,
443 788 563 832 manum
586 787 641 830 nec
662 769 768 849 pocula
790 771 908 832 Graiam

122 854 241 918 Alconis
261 853 397 916 referunt
418 853 588 934 Rhoeeique
612 861 760 924 toreuma,
782 871 838 914 nec
859 852 924 913 lndi

123 939 255 999 conchea
277 938 351 1000 baca
372 939 462 999 maris
484 939 580 1018 pretio
602 943 660 998 est:
684 944 713 998 at
734 945 855 1016 pectore
877 955 952 1017 puro

123 1040 212 1101 saepe
234 1040 328 1102 supen
343 1028 447 1083 tenero
470 1022 632 1101 prosternit
653 1022 786 1100 gramine
807 1038 923 1099 corpus,

123 1104 228 1166 florida
250 1123 318 1167 cum
340 1104 428 1167 tellus
450 1106 625 1184 gemmantis
646 1107 723 1184 pieta
745 1121 800 1184 per
821 1102 929 1164 herbas

124 1206 193 1249 rere
215 1196 298 1249 notat
319 1187 397 1250 dulci
419 1188 556 1250 distincta
577 1186 725 1249 coloribus
748 1205 831 1255 arva;

126 1279 214 1351 atque
235 1271 318 1332 illum
341 1271 454 1332 calamo
469 1269 577 1332 laetum
598 1273 751 1332 recinente
772 1268 895 1349 palustri

123 1356 241 1435 otiaque
261 1355 371 1416 invidia
393 1354 550 1434 degentem
573 1372 607 1414 ac
629 1354 733 1415 fraude
755 1361 869 1414 remota

122 1436 343 1519 pollentemque
365 1437 421 1499 sibi
443 1437 530 1498 viridi
552 1455 619 1499 cum
641 1437 761 1516 palmite
782 1435 887 1497 ludens

123 1520 238 1582 Tmolia
257 1522 416 1602 pampineo
438 1520 539 1582 subter
561 1539 645 1581 coma
667 1518 743 1582 relat
765 1521 881 1581 amictu.

121 1603 165 1665 illi
186 1612 256 1666 sunt
275 1612 377 1683 gratae
398 1601 533 1665 rorantes
555 1604 630 1665 laete
652 1603 782 1683 capellae

122 1693 152 1748 et
173 1705 277 1749 nemus
300 1696 329 1749 et
349 1688 475 1749 fecunda
498 1686 582 1749 Pales
603 1695 632 1748 et
653 1686 775 1748 vallibus
795 1688 874 1748 intus

122 1788 241 1853 semper
262 1789 353 1852 opaca
375 1773 458 1834 novis
479 1772 629 1833 manantia
651 1770 783 1832 lontibus
804 1779 898 1832 antra.

122 1857 188 1935 quis
208 1857 302 1935 magis
324 1862 424 1936 optato
445 1862 532 1935 queat
553 1873 619 1916 esse
640 1853 753 1915 beatior
776 1872 846 1915 aevo

121 1957 209 2019 quam
232 1941 283 2018 qui
303 1947 402 1999 mente
423 1938 527 2018 procul
548 1956 624 2017 pura
645 1955 791 2016 sensuque
813 1937 966 2015 probando

122 2039 183 2082 non
205 2022 304 2082 aridas
326 2021 464 2099 adgnovit
485 2038 556 2100 opes
577 2037 634 2081 nec
654 2021 749 2081 tristia
771 2018 847 2080 bella

122 2122 180 2165 nec
200 2102 317 2165 funesta
339 2105 424 2165 timet
444 2102 555 2164 validae
578 2104 738 2163 certamina
761 2101 861 2163 classis

122 2205 192 2258 nec,
215 2186 316 2267 spoliis
338 2187 407 2248 dum
430 2194 531 2248 sancta
553 2185 641 2247 deum
663 2184 843 2264 fulgentibus
865 2195 951 2248 ornet

121 2268 231 2351 templa
253 2270 298 2331 vel
320 2278 438 2331 evectus
459 2269 548 2331 finem
570 2269 759 2330 transcendat
780 2270 918 2341 habendi,

122 2355 277 2416 adversum
298 2356 392 2416 saeris
413 2352 491 2415 uiuo
513 2361 601 2433 caput
620 2352 754 2415 hostibus
775 2354 878 2415 offerti

121 2436 165 2497 illi
187 2436 261 2498 ialce
284 2437 355 2498 deus
377 2436 498 2508 colitur,
522 2454 583 2498 non
604 2444 667 2497 arte
688 2436 796 2516 politus

122 2519 172 2580 ille
194 2519 264 2582 colit
285 2520 380 2593 lucos,
403 2519 446 2581 illi
468 2521 613 2582 Panchaia
637 2527 702 2581 tura

122 2603 245 2665 lloribus
266 2613 396 2684 agrestes
417 2603 528 2666 herbae
549 2604 729 2665 variantibus
750 2604 874 2674 adilant,

121 2686 165 2748 illl
188 2686 280 2748 dulcis
301 2688 384 2749 adest
405 2689 523 2769 requies
545 2696 574 2749 et
594 2705 669 2768 pura
691 2687 831 2768 voluptas,

121 2769 229 2842 libera,
252 2771 433 2852 simplicibus
455 2775 548 2833 curis:
571 2772 630 2832 huc
651 2773 798 2843 imminet,
822 2772 920 2834 omnis

122 2852 223 2930 dirigit
243 2853 302 2914 huc
323 2873 442 2924 sensus,
465 2855 539 2916 haec
561 2873 632 2915 cura
654 2862 698 2915 est
718 2855 835 2916 subdita
858 2854 948 2923 corat

122 2934 253 3015 quolibet
274 2942 306 2996 ut
326 2939 429 3017 requie
451 2938 528 2997 victu
550 2945 705 2998 contentus
726 2937 856 2999 abundet

122 3017 309 3097 iucundoque
330 3017 406 3079 levet
427 3017 595 3097 languentia
617 3036 742 3097 corpora
763 3037 876 3081 somno.

122 3120 140 3162 o
162 3101 305 3180 pecudes,
329 3120 346 3162 o
367 3120 460 3182 panes
482 3108 512 3162 et
532 3120 549 3161 o
572 3102 737 3179 gratissima
759 3111 857 3182 tempe

122 3183 236 3246 frondis
258 3185 501 3265 hamadryadum
524 3203 648 3264 quarum
670 3203 730 3246 non
753 3185 839 3247 divite
861 3185 941 3248 cultu

122 3267 256 3329 aemulus
275 3269 403 3330 Ascraeo
425 3278 526 3350 pastor
547 3268 604 3331 sibi
624 3270 747 3349 quisque
768 3277 873 3349 poetae

122 3367 257 3412 securam
277 3351 392 3432 placido
413 3352 541 3414 traducit
561 3360 681 3432 pectore
702 3354 802 3414 vitam!

165 3433 203 3495 llt
222 3435 281 3495 iam
303 3433 498 3515 compellente
520 3454 610 3516 vagae
631 3443 749 3517 pastore
771 3435 900 3516 capellae
1081 3443 1129 3497 10⁴

123 3517 181 3577 ima
203 3521 381 3580 susurrantis
404 3517 563 3599 reptabant
584 3520 620 3581 ad
642 3519 714 3581 vada
736 3519 882 3601 lymphae,
