2512 4096
190 264 252 328 210
524 275 670 325 venarer
695 275 820 325 neuma
836 276 873 324 vr

190 431 366 513 quaeregio
388 432 549 501 Anchisen,
572 431 636 509 quis
656 430 744 492 habet
765 429 865 492 locust
888 428 964 491 illius
985 449 1056 510 ergo

190 510 323 578 venimus
345 522 374 576 et
395 532 517 593 magnos
538 513 629 576 Erebi
647 515 859 576 transnavimus
877 513 994 575 amnis'

191 607 279 679 atque
296 599 344 660 bic
365 616 540 677 responsum
560 598 662 677 paucis
682 600 721 659 ita
741 596 867 659 reddidit
884 598 987 658 beros:

192 681 279 745 ‘nulli
301 690 381 744 certa
401 682 520 752 domus:
542 682 614 745 lucis
632 680 797 744 habitamus
819 683 918 759 opacis

191 768 382 847 riparumque
398 773 480 826 toros
503 776 531 828 et
551 772 633 846 prata
658 767 786 828 recentia
808 766 877 826 rivis

191 850 354 912 incolimus.
398 849 527 920 sedros,
551 853 574 911 si
597 851 655 911 fert
672 850 710 910 ita
732 849 822 911 corde
841 846 989 919 voluntas,

191 934 249 995 boc
270 940 407 1012 superate
425 935 541 1013 iugum,
564 942 593 996 et
614 932 692 995 iacili
713 935 770 994 iam
792 933 907 994 tramite
930 932 1055 994 sistam!

192 1019 263 1080 dixit
283 1025 312 1080 et
328 1025 395 1080 ante
417 1016 482 1079 tulit
500 1034 633 1096 gressum
659 1035 837 1097 camposque
858 1018 975 1078 nitentis

191 1103 318 1181 desuper
340 1108 480 1171 ostentat;
510 1102 615 1164 dehinc
637 1119 750 1163 summa
772 1101 921 1163 cacumina
944 1101 1088 1180 linquent.

232 1188 269 1246 nt
290 1192 375 1264 pater
390 1185 531 1248 dncb‘ues
553 1187 669 1267 penitus
696 1183 826 1247 convalle
849 1185 952 1247 virenti

190 1270 317 1332 inclusas
338 1271 450 1331 animas
469 1288 668 1349 superumque
690 1269 727 1330 ad
749 1268 848 1331 lumen
864 1271 955 1330 ituras

190 1352 334 1415 lustrabat
353 1354 449 1414 studio
469 1354 617 1422 recolens,
639 1371 815 1431 omnemque
833 1370 954 1414 suorum

190 1438 268 1498 torte
285 1437 458 1498 recensebat
479 1455 635 1500 numerum
656 1455 800 1517 carosque
822 1445 944 1516 nepotes

192 1521 308 1600 lataque
325 1520 516 1600 fortunasque
536 1523 631 1583 virum
649 1539 806 1601 moresque
827 1539 999 1600 manusque.

191 1605 274 1684 isque
296 1603 347 1666 ubi
371 1605 538 1666 tendentem
558 1606 712 1667 adversum
731 1623 786 1683 per
808 1606 939 1683 gramina
961 1606 1031 1666 vidit

190 1689 325 1759 Aenean,
348 1687 452 1749 alacris
473 1687 585 1768 palmas
607 1695 747 1768 utrasque
769 1688 904 1758 tetendit,

192 1773 359 1851 effusaeque
381 1773 465 1848 genis
486 1770 623 1833 lacrimae
645 1781 675 1833 et
694 1791 749 1833 vox
773 1773 879 1834 excidit
899 1791 966 1834 ore:

205 1856 308 1917 venisti
328 1855 462 1925 tandem,
486 1863 594 1935 tuaque
618 1863 766 1935 expectata
788 1858 903 1935 parenti

190 1940 257 2001 vicit
277 1941 332 2001 iter
352 1940 459 2001 durum
479 1941 588 2019 pietas?
608 1940 693 2002 datur
717 1958 769 2001 ora
791 1942 881 2010 tueri,

190 2030 272 2093 nate,
295 2030 343 2085 tua
364 2031 393 2085 et
410 2032 495 2086 notas
513 2023 615 2086 audire
637 2032 666 2086 et
688 2024 814 2087 reddere
835 2023 939 2085 voces?

190 2108 232 2169 sic
253 2108 387 2187 equidem
407 2108 550 2171 ducebam
570 2110 667 2171 animo
687 2109 834 2188 rebarque
855 2107 986 2168 loturum

189 2198 324 2269 tempora
345 2191 548 2262 dinumerans,
572 2211 628 2256 nec
649 2211 779 2255 momen
802 2209 873 2254 cura
892 2189 1000 2252 leiellit.

130 2312 132 2318 ·
190 2293 263 2354 quas
285 2293 339 2354 eqo
363 2284 391 2336 te
412 2287 507 2338 terras
530 2284 559 2338 et
579 2285 686 2356 quanta
707 2295 761 2355 per
779 2291 907 2355 aequora
927 2281 1042 2336 vectum

190 2361 314 2437 accipio,
335 2362 450 2438 quantis
472 2361 624 2431 iactatum,
648 2368 729 2432 nate,
752 2359 883 2438 periclis!

190 2460 278 2522 quam
300 2445 406 2512 metui,
431 2444 558 2522 nequid
579 2444 687 2525 Libyae
709 2443 761 2505 tibi
779 2461 871 2522 regna
894 2441 1062 2504 nocereutt'

189 2524 237 2587 ille
260 2532 358 2587 autem
376 2534 444 2588 ‘tua
465 2546 528 2597 me,
552 2530 681 2605 genitor,
702 2534 753 2588 tua
774 2529 866 2588 tristis
886 2528 982 2606 imago

189 2610 305 2687 saepius
329 2627 490 2671 occurrens
511 2611 585 2672 baec
604 2610 704 2671 limina
724 2612 846 2672 tendere
867 2611 981 2689 adegit;

189 2701 267 2754 stant
287 2692 348 2755 sale
369 2694 524 2774 Tyrrheno
548 2692 664 2755 classes.
709 2693 745 2754 da
767 2696 891 2774 iungere
911 2695 1061 2763 dextram,

188 2777 241 2846 da,
265 2778 394 2854 genitor,
415 2785 503 2856 teque
527 2776 664 2856 amplexu
685 2795 723 2839 ne
744 2777 884 2840 subtrahe
903 2778 1029 2838 nostro'

189 2862 232 2922 sic
253 2878 421 2922 memorans
441 2861 523 2941 largo
545 2861 615 2924 ssetu
638 2861 723 2922 simul
744 2880 796 2924 ora
817 2863 940 2940 rigabat,

188 2954 232 3007 ter
255 2952 377 3006 conatus
396 2945 436 3007 ibi
457 2945 532 3006 collo
555 2946 626 3007 dare
645 2946 782 3008 bracchia
805 2947 930 3016 circum,

188 3039 234 3091 ter
256 3029 365 3090 trustra
385 3047 559 3110 comprensa
580 3048 684 3093 manus
706 3033 806 3110 etlugit
824 3033 929 3109 imago.

190 3115 258 3195 [par
279 3111 391 3174 levibus
406 3117 498 3176 ventis
519 3115 688 3196 volucrique
709 3115 852 3176 simillima
874 3111 1004 3196 somno]

230 3196 345 3259 interea
367 3199 443 3261 ridet
464 3201 578 3261 deneas
599 3202 629 3260 in
650 3198 724 3260 valle
743 3200 864 3260 reducta

188 3280 337 3344 seclusum
356 3299 461 3345 nemus
483 3292 511 3344 et
533 3282 658 3362 virgulta
680 3283 812 3343 sonantia
830 3281 918 3342 silvae

189 3364 407 3446 Lethaeumque
430 3366 533 3427 domos
552 3365 681 3444 placidas
703 3366 753 3445 qui
771 3373 923 3443 praenotat
942 3382 1068 3426 amnem.
1158 3373 1174 3394 '⁶

188 3450 268 3511 bunc
287 3450 398 3511 circum
418 3451 589 3511 innumerae
608 3456 710 3527 genus
731 3448 889 3530 populique
911 3448 1062 3517 volabaut;

189 3552 222 3596 ac
244 3533 323 3596 velut
344 3534 373 3594 in
393 3535 485 3612 pratis
505 3533 557 3594 ubi
576 3550 646 3612 apes
665 3540 773 3595 aestate
791 3552 895 3595 serena
