2504 4094
165 274 225 335 ³14
493 282 633 330 oratum
654 281 779 329 aunum
802 281 839 328 xr

165 439 252 501 ambo
273 439 386 508 animis,
409 437 495 498 anrbo
516 438 646 514 insignes
668 434 884 513 praestantibus
903 437 999 496 armis

165 523 212 584 bic
233 524 340 601 pietate
360 523 451 601 prior.
484 526 588 581 coeant
609 521 639 578 in
663 520 781 580 foedera
802 518 935 593 dextrae,

165 623 221 685 qua
241 605 343 674 datur;
366 613 520 666 estunam
540 610 720 664 concurrant
739 619 821 663 arma
838 600 971 663 cavete'·

165 697 194 749 et
215 704 355 768 responsa
372 687 459 749 simui
479 705 555 767 quae
573 687 640 756 sint,
663 705 715 747 rex
736 687 852 765 optime,
871 686 952 760 regis

165 772 269 833 audisti
288 780 317 833 et
339 790 415 850 quae
436 773 473 832 sit
493 788 600 850 magno
623 771 766 832 sententia
787 767 883 830 balio!
1142 766 1179 821 ent

207 855 261 915 Vix
282 873 316 916 ea
335 855 432 933 iegati,
455 855 609 934 variusque
631 871 685 932 per
704 871 756 914 ora
773 852 904 913 cucurrit

164 938 344 1000 Ausonidum
365 937 481 999 turbata
505 938 629 999 ircmor:
653 955 708 998 ceu
727 953 795 997 saxa
817 941 974 996 morentur

165 1039 232 1084 cum
252 1021 372 1102 rapidos
392 1023 495 1091 amab,
514 1022 546 1080 iit
566 1020 665 1081 dauco
686 1021 801 1097 gurgite
820 1035 957 1079 murmur

165 1104 334 1183 vicinaeque
356 1105 487 1165 fremunt
506 1105 589 1181 ripae
609 1101 817 1181 crepitantibus
839 1100 935 1162 undis.

165 1194 198 1249 ut
216 1188 344 1268 primum
365 1186 472 1266 placati
493 1188 582 1247 anirni
604 1193 633 1248 et
653 1186 767 1264 trepida
785 1202 837 1246 ora
855 1185 1009 1264 quierunt.
1140 1197 1185 1248 tot

165 1271 314 1349 praefatus
335 1270 416 1331 diros
437 1269 510 1330 solio
532 1288 586 1332 rex
608 1271 671 1330 iniit
691 1269 728 1330 ab
751 1268 824 1330 aito:

166 1360 248 1421 ‘anta
266 1354 402 1430 equidem
421 1371 536 1415 summa
557 1354 593 1415 de
615 1371 649 1415 re
670 1354 814 1422 statuisse,
837 1351 940 1418 Latini,

167 1443 195 1497 et
214 1434 316 1496 vellem
338 1443 367 1497 et
388 1437 483 1498 iuerat
502 1435 616 1507 melius,
638 1454 697 1498 non
719 1443 851 1513 tempore
877 1432 927 1494 tali

165 1533 272 1596 cogere
293 1518 456 1587 concilium,
479 1539 546 1582 cum
565 1537 667 1581 muros
689 1519 800 1581 adsidet
822 1517 923 1579 bostis.

165 1598 276 1660 beilum
294 1601 494 1679 inportunum,
516 1605 602 1671 cives,
626 1620 693 1664 curn
715 1609 801 1680 gente
823 1602 947 1662 deorum
1143 1599 1187 1651 ³⁰⁶

165 1683 338 1764 invictisque
359 1685 429 1744 viris
450 1687 588 1761 gerimus,
612 1703 686 1763 quos
706 1683 785 1745 nulia
808 1685 929 1761 fatigant

165 1765 294 1845 proelia:
315 1783 370 1828 nec
391 1768 459 1828 victi
479 1775 603 1847 possunt
621 1766 763 1829 absistere
785 1767 875 1829 ierro.

167 1865 251 1927 spem
270 1851 384 1929 siquam
405 1852 502 1911 ascitis
521 1848 655 1912 Aetolum
677 1850 818 1912 habuistis
839 1851 990 1922 inarmis,

168 1933 282 2011 ponite:
304 1951 372 2011 spec
391 1933 448 1996 sibi
471 1935 603 2014 quisque.
639 1933 691 1996 sed
708 1934 782 1996 baec
802 1951 888 2011 quam
910 1942 1040 2010 angusta
1064 1935 1186 2005 videtin

167 2023 263 2077 cetera
286 2035 343 2095 qua
364 2034 465 2078 rerum
487 2020 601 2079 iaceant
622 2017 756 2096 perculsa
778 2019 872 2085 ruina,
1142 2032 1187 2087 :tlt

167 2106 233 2161 ante
255 2099 355 2161 oculos
377 2102 511 2181 interque
533 2120 637 2163 manus
659 2111 727 2163 sunt
748 2102 846 2162 omma
870 2106 990 2160 rosnae.

166 2200 221 2244 nec
241 2201 418 2262 quemquam
437 2186 556 2247 incuso:
578 2187 766 2264 potuitquae
787 2182 914 2264 plurima
933 2184 1029 2246 virtus

167 2283 242 2345 esse,
262 2267 331 2336 iuit;
350 2274 411 2327 toto
434 2275 576 2332 certatum
598 2275 642 2330 est
663 2287 789 2349 corpore
809 2267 903 2344 regni.

166 2366 243 2410 nunc
264 2351 337 2412 adeo
360 2353 490 2429 quaesit
512 2352 618 2414 dubiae
639 2354 782 2414 sententia
805 2351 895 2412 menti
918 2413 925 2427 ‚
1231 2418 1234 2425 ,

167 2432 319 2509 expediam
341 2440 369 2494 et
390 2436 492 2512 paucis
513 2435 635 2515 (animos
658 2434 802 2515 adhibete)
826 2431 948 2495 docebo.
1140 2431 1186 2485 8¹⁶
1231 2488 1235 2497 .

167 2522 210 2576 est
229 2517 342 2577 anticus
364 2532 434 2593 ager
453 2518 549 2579 Tusco
571 2518 643 2578 mihi
664 2518 815 2597 proximus
837 2517 924 2584 amni,

166 2598 271 2676 longus
292 2600 321 2658 in
343 2616 489 2671 occasum,
512 2601 578 2661 ssnis
596 2618 686 2680 super
706 2620 799 2680 usque
822 2599 961 2667 Sicanos:

165 2682 296 2743 Aurunci
313 2680 473 2760 Rutulique
491 2691 594 2744 serunt
616 2692 645 2744 et
666 2702 786 2746 vomere
808 2684 898 2744 duros

167 2769 305 2825 exercent
325 2762 414 2824 colles
436 2773 523 2844 atque
543 2767 650 2829 horum
671 2769 832 2846 asperrima
853 2773 985 2843 pascunt.

166 2846 354 2908 haecomnia
375 2848 457 2927 regio
479 2855 508 2910 et
530 2849 598 2912 celsi
620 2849 706 2929 plaga
727 2851 813 2929 pinea
833 2849 941 2909 montis
1141 2849 1189 2905 ebt
1240 2906 1243 2911 .

167 2929 251 2991 cedat
272 2931 415 2992 amtcitiee
436 2932 628 3002 Teucrorum,
652 2941 681 2996 et
702 2934 829 2996 foederis
850 2949 959 3011 aequas
1051 3004 1054 3009 Ι
1240 2928 1244 2933 ’

167 3013 297 3075 dicam
319 3013 399 3093 leges
421 3018 574 3099 sociosque
593 3021 624 3079 in
645 3036 736 3096 regna
757 3034 910 3079 vocemus>

167 3099 326 3168 concidant,
348 3101 372 3157 ei
394 3104 492 3161 tantus
514 3121 606 3173 amor,
627 3110 656 3164 et
675 3104 791 3163 moenia
813 3098 948 3161 condant.

166 3181 211 3241 ein
233 3179 305 3241 allos
323 3182 388 3242 bnis
406 3182 552 3264 aliamque
574 3202 730 3265 capessere
750 3190 868 3261 gentem

167 3268 210 3324 est
230 3265 343 3326 animus
364 3276 546 3347 possuntque
567 3268 630 3330 sobo
654 3266 798 3328 decedere
819 3272 937 3325 nostro:
1139 3271 1187 3324 att
1247 3290 1251 3297 ·

166 3344 211 3405 bis
234 3347 325 3408 denas
345 3348 417 3409 ltaio
438 3358 572 3412 texamus
592 3349 703 3410 robore
721 3350 803 3409 navis

166 3446 218 3489 seu
238 3429 332 3507 pluris
353 3432 502 3512 complere
525 3431 620 3493 valent
643 3432 727 3511 (iacet
749 3432 845 3491 omnis
866 3430 904 3491 ad
925 3429 1034 3488 undam

166 3513 323 3591 materies),
347 3514 401 3593 ipsi
423 3531 638 3592 numerumque
657 3515 837 3591 modumque
859 3512 966 3574 carirrie
