2512 4096
290 853 333 930 P.
355 854 573 931 VERGILI
599 853 829 931 Muttonis

218 1025 261 1118 A
314 1029 355 1121 Ε
407 1027 453 1123 Ν
505 1029 547 1122 Ε
599 1027 624 1121 Ι
675 1026 723 1122 D
777 1026 821 1122 Ο
875 1027 907 1122 S

411 1198 526 1255 tinnit
549 1197 723 1255 OCTAVUS

491 1394 623 1407 Ἤ

59 1526 95 1590 Ut
117 1522 187 1587 belli
206 1525 322 1603 signum
344 1524 484 1587 Laurenti
505 1524 621 1586 Turnus
642 1524 678 1587 ab
702 1543 768 1586 arce

57 1607 160 1670 extulit
179 1615 209 1668 et
229 1626 320 1670 rauco
341 1615 530 1688 strepuerunt
553 1626 664 1669 cornua
685 1615 782 1679 cantu,

56 1690 163 1773 [utque
177 1692 254 1752 acris
269 1693 418 1754 concussit
431 1710 523 1771 equos
544 1701 633 1770 utque
651 1691 768 1770 impulit
787 1689 890 1771 erma]

57 1774 202 1854 extemplo
223 1775 331 1838 tiuhati
353 1777 449 1845 animi,
467 1775 554 1837 simul
576 1794 662 1837 omne
685 1775 809 1837 tumultu

56 1860 191 1919 coniurat
208 1859 322 1938 trepido
345 1859 459 1920 Latium
480 1860 629 1936 saevitque
648 1861 784 1920 iuventus

55 1941 154 2011 eilera.
184 1941 321 2002 ductores
342 1944 431 2020 primi
453 1943 605 2020 Messapus
627 1948 656 2002 et
675 1941 767 2002 Uiens

56 2030 301 2103 contemptorque
324 2026 410 2086 deum
430 2026 589 2086 Mezentius
610 2024 740 2102 undique
760 2031 869 2098 cogunt

55 2105 161 2167 auxilia
182 2115 210 2167 et
230 2107 305 2167 latos
328 2113 440 2167 vastant
462 2106 622 2167 cultoribus
643 2122 739 2181 agros.

56 2191 178 2250 mittitur
202 2197 231 2251 ct
251 2191 349 2265 magni
371 2188 500 2250 Venulus
521 2189 668 2253 Diomedis
691 2189 726 2250 ad
750 2187 865 2258 urbem,

56 2275 105 2352 qni
127 2279 207 2350 petat
229 2271 367 2334 auxiium
389 2281 418 2334 et
440 2272 521 2333 Latio
544 2271 704 2332 consistere
724 2271 864 2341 Teucros,

56 2357 210 2417 advectum
227 2357 346 2418 Aenean
366 2354 450 2417 classi
472 2357 621 2434 victosque
642 2356 756 2434 penatis

55 2439 166 2500 inferre
188 2447 217 2500 et
238 2438 304 2499 latis
322 2457 424 2517 regem
445 2457 477 2500 se
499 2439 598 2501 dicere
623 2440 707 2518 posci

56 2523 178 2584 edoceat
200 2521 379 2604 [multasque
401 2525 464 2587 uiro
486 2543 518 2586 se
540 2523 699 2601 adiungere
720 2524 814 2599 gentis

55 2606 200 2667 Dardanio
223 2614 252 2668 et
273 2606 330 2670 late
351 2608 433 2670 Latio
452 2607 675 2670 increbrescere
697 2604 830 2686 nomen}

56 2691 125 2770 quid
146 2697 240 2752 strum
259 2691 306 2750 his
329 2691 447 2770 coeptis,
470 2710 566 2770 quem,
591 2692 616 2750 si
638 2690 774 2752 Fortuna>
791 2702 940 2769 sequatur,
1039 2697 1070 2748 to

55 2782 191 2835 eventum
212 2792 328 2853 pugnae
346 2776 453 2852 cupiet,
476 2775 657 2836 manifestius
678 2776 734 2853 ipsi

56 2875 144 2934 quam
166 2857 268 2917 Turno
288 2859 351 2934 regi
372 2865 421 2919 aut
442 2859 505 2934 regi
526 2875 671 2936 apparere
692 2857 803 2919 Latino.

99 2938 179 2999 Talia
200 2957 254 3017 per
271 2939 395 3000 Latium.
431 2956 506 3016 quae
526 2940 754 3002 Laomedontius
775 2941 862 3001 heros

57 3030 161 3084 cuncta
180 3023 280 3084 ridens
302 3040 409 3099 magno
433 3040 571 3087 curarum
592 3022 714 3084 fluctuat
735 3030 826 3090 aestu,

56 3115 143 3184 atque
165 3108 294 3167 animum
316 3124 394 3168 nunc
415 3106 474 3168 huc
495 3104 630 3176 celerem,
653 3120 732 3168 nuno
755 3105 856 3169 dividit
876 3104 952 3173 illuc
1036 3110 1070 3163 20

56 3193 86 3251 in
107 3192 257 3270 partisque
274 3192 350 3268 rapit
366 3192 461 3253 varies
482 3209 595 3270 perque
615 3191 712 3251 omnia
735 3197 843 3252 versat:

56 3277 132 3336 sieut
154 3292 247 3353 aquae
269 3273 425 3336 tremulum
447 3274 538 3335 labris
559 3274 611 3336 ubi
633 3272 732 3334 lumen
754 3276 836 3336 aenis

56 3359 118 3419 sole
154 3375 332 3435 repercusso
369 3364 418 3417 aut
438 3359 579 3419 radlantis
600 3359 727 3434 imagine
749 3357 834 3420 lunae

57 3444 154 3504 omnia
174 3439 325 3520 pervolitat
347 3439 404 3501 late
425 3441 622 3519 localemque
643 3441 697 3502 sul)
721 3460 807 3503 auras
