2512 4096
341 296 532 346 evaporet
553 297 706 349 annosus
730 286 918 346 nunnuiro.
1042 299 1138 350 xxxv

218 455 257 512 Ae
269 457 417 530 principem
431 457 503 513 inter
516 458 640 532 aequales
654 464 749 535 poetas
762 463 790 514 et
803 454 889 513 iusisse
902 462 931 512 et
944 454 1063 514 habitum
1079 475 1139 518 esse

127 537 173 595 rel
189 535 400 597 obtrectatorum
415 539 560 598 multitudo
575 550 603 598 et
617 543 772 616 malignitas
787 539 968 596 demonstrat:
983 542 1054 598 inter
1069 560 1138 617 quos

128 621 344 696 Vergiliomastis
358 624 536 684 Numitorius
550 628 640 684 omnia
653 623 770 681 licronis
785 616 901 680 carmina
914 620 1020 681 uidetur
1034 626 1138 684 cavilla·

125 713 172 762 tus
188 699 292 778 esse¹),
314 707 382 763 alius
393 706 532 765 'bucolicis
547 711 741 768 ontibacotica
756 709 897 782 opposuit,
923 725 974 766 uec
993 708 1139 768 defuerunt

126 791 174 862 qui
185 791 313 864 georgica
324 790 427 848 insulse
437 792 582 850 irriderent
593 803 621 851 et
632 800 782 867 carperent.
813 791 926 848 maxime
936 809 1000 849 vero
1009 796 1138 852 Aeneida

124 873 169 928 vel
190 880 332 948 antequam
349 874 419 930 edita
438 883 495 931 erat
512 880 587 950 quasi
607 891 729 951 campum
744 876 887 950 elegerunt
907 877 935 931 in
956 893 1010 951 quo
1031 885 1137 953 strages

127 957 209 1011 iuvisi
223 965 320 1029 poetae
336 957 455 1015 ederent.
482 961 542 1017 vivo
556 962 635 1018 etiam
650 958 821 1034 singulorum
835 957 966 1015 librorum
978 962 1137 1018 recitatione

125 1040 233 1096 excitati
254 1042 375 1114 inprimis
396 1041 601 1101 Homericorum
616 1045 763 1102 carminum
783 1042 856 1098 iurta
871 1041 1041 1106 obiecerunt,
1063 1044 1136 1119 quod

125 1124 184 1196 ipse
198 1124 298 1180 crimen
318 1126 415 1182 solitus
437 1135 480 1183 est
499 1129 539 1184 sic
559 1127 719 1190 defendere,
740 1133 771 1182 ut
791 1128 973 1200 interrogaret
994 1126 1061 1184 ‘cur
1080 1144 1136 1185 non

124 1206 164 1262 illi
180 1222 289 1281 quoque
304 1209 396 1266 eadem
410 1209 483 1267 iurta
497 1212 677 1287 temptarent?
697 1226 791 1266 verum
805 1209 1009 1273 intellecturos,
1030 1210 1135 1268 facilius

124 1306 187 1347 esse
210 1289 320 1348 Herculi
339 1291 440 1350 clavam
455 1310 534 1368 quam
555 1294 672 1352 Homero
693 1308 800 1350 versum
821 1285 1015 1366 subripere2).’
1045 1296 1135 1369 luper-

124 1374 198 1430 iecta
212 1374 240 1429 in
254 1375 393 1447 praeclaro
408 1387 531 1450 poemate
545 1379 629 1434 multa
644 1393 704 1434 esse
723 1378 783 1450 ipse
798 1375 865 1432 adeo
880 1378 979 1441 sensit,
1001 1386 1032 1434 ut
1045 1379 1135 1452 prius·

124 1472 209 1532 quam.
220 1457 322 1514 ltaliam
337 1459 517 1534 relinqueret,
534 1463 621 1536 egerit
635 1477 697 1518 cum
711 1461 804 1522 Vario,
820 1459 869 1516 ‘ut
884 1461 907 1516 si
922 1461 986 1534 quid
1001 1460 1052 1518 sibi
1068 1465 1134 1518 acci·

124 1542 211 1597 disset
230 1543 349 1600 Aeneida
370 1543 568 1610 combureret‚'
588 1545 661 1620 quod
681 1553 770 1602 tamen
789 1545 813 1600 is
835 1543 968 1600 iacturum
988 1561 1017 1601 se
1037 1561 1134 1619 perne-

124 1633 210 1699 garat.
245 1628 274 1682 iu
290 1635 407 1684 extrema
427 1637 517 1686 autem
537 1629 691 1686 valetudine
713 1627 837 1685 ‘assidue
858 1629 956 1684 scrinia
971 1628 1134 1685 desideravit

124 1718 291 1766 crematurus
310 1712 396 1785 ipse;'
418 1730 487 1787 quae
502 1729 563 1770 cum
578 1729 656 1770 nemo
672 1714 697 1770 ei
712 1711 861 1776 attulisset,
877 1712 905 1766 in
921 1712 1133 1769 testamentode

123 1795 182 1867 ipsa
196 1793 313 1850 Aeneide
334 1799 491 1854 nominatim
513 1798 581 1854 nibil
601 1798 683 1862 cavit,
704 1812 798 1853 verum
818 1796 919 1868 scripta
938 1811 987 1851 sua
1008 1797 1133 1853 universa

125 1877 203 1932 Vario
218 1893 249 1933 ac
264 1877 366 1936 luccae
382 1896 412 1937 ea
432 1882 592 1939 condicione
612 1881 712 1955 legarit
732 1887 763 1936 ut
784 1874 836 1935 ‘ue
852 1877 917 1952 quid
932 1878 1045 1934 ederent
1060 1877 1133 1950 quod

123 1977 179 2016 uon
200 1976 215 2016 a
238 1977 268 2017 se
290 1962 390 2020 editum
411 1967 506 2022 esset!
541 1965 673 2038 permisso
698 1965 797 2037 igitur,
825 1970 855 2017 ut
875 1960 997 2016 bucolica
1017 1969 1044 2016 et
1065 1976 1132 2033 quae

125 2043 251 2100 secundis
279 2047 350 2102 curis
371 2055 560 2106 retractaverat
586 2049 714 2121 georgica
735 2049 835 2101 iterum
856 2043 981 2104 ederent,
1007 2043 1131 2099 Aeneidis

122 2144 170 2184 eos
183 2127 319 2185 dumtaxat
333 2129 426 2192 libros,
443 2148 512 2205 quos
522 2148 558 2187 ue
568 2132 727 2185 recitaverat
742 2127 850 2199 quidem
864 2124 979 2198 publice,
994 2128 1022 2182 iu
1033 2127 1131 2202 vulgus

122 2213 196 2268 enine
221 2212 318 2269 noluit.
358 2214 406 2270 sed
432 2212 501 2270 hanc
525 2213 680 2268 testamenti
704 2218 807 2279 partem
833 2210 934 2264 irritam
960 2226 1020 2266 esse
1038 2211 1132 2267 uoluit

122 2296 277 2369 Augustus,
300 2297 376 2353 cuius
396 2298 473 2352 iussu
487 2297 581 2352 Varius
603 2296 724 2350 adiutore
744 2292 833 2350 Plotio
849 2309 880 2349 ea
899 2293 961 2368 lege
976 2294 1130 2359 adstrictus,

121 2387 153 2435 ut
168 2377 279 2435 adderet
293 2379 373 2442 nihil,
390 2379 474 2436 edidit
486 2395 582 2453 poema
597 2379 749 2436 summatim
764 2375 933 2433 emendatum
948 2394 982 2434 ne
997 2378 1130 2453 suppletis

122 2462 232 2539 quidem
245 2479 313 2537 quos
328 2465 386 2537 ipse
396 2473 478 2538 poeta
489 2478 598 2520 mancos
610 2462 757 2535 reliquerat
771 2462 918 2526 versiculis,
934 2464 1026 2518 recisis
1041 2470 1130 2518 tamen

121 2547 238 2605 fortasse
253 2547 410 2624 quibasdam
427 2565 494 2622 quae
509 2546 647 2621 superflua
661 2545 816 2603 viderentur
822 2540 854 2618 ³).

189 2761 210 2826 ¹)
228 2761 271 2812 De
293 2761 447 2813 Numitorio
472 2762 627 2826 ceterisque
651 2760 885 2813 obtrectatoribus
913 2759 993 2824 pluro
1016 2758 1079 2809 vide
1101 2759 1130 2808 in

122 2827 867 2960 prolggffiogapgsagg.egf.Rtiafflgssolssipl.spgarstoovsqss
889 2894 924 2944 46
945 2893 1130 2956 Hieronymus

121 2961 210 3080 Harii.
228 2960 305 3015 hebr.
325 2965 430 3025 quaest.
448 2962 477 3010 in
495 2962 623 3013 Genesim
640 2967 661 3014 t.
678 2961 722 3011 111
739 2976 765 3025 p.
784 2960 918 3011 301Vell.
952 2960 988 3012 ci.
1007 2959 1129 3024 prolegg.

188 3044 201 3078 s
223 3063 230 3078 .

189 3042 276 3159 ⁸)q‘L.
299 3096 404 3144 Variam
421 3100 447 3146 et
468 3096 576 3145 Plotium
597 3094 715 3158 Tuccam,
739 3094 782 3159 qui
799 3094 851 3143 eius
868 3092 987 3143 Aeneida
1001 3098 1062 3156 post
1079 3093 1131 3143 obi·

121 3171 171 3213 tam
193 3165 262 3212 iussu
280 3160 400 3213 Caesaris
417 3162 590 3213 emendarunt.
622 3164 654 3211 de
675 3177 726 3227 qua
742 3176 771 3209 re
789 3159 896 3224 Sulpicii
915 3158 1131 3224 Carthaginiensis

122 3234 213 3279 entant
237 3229 376 3280 huiuamodi
396 3227 497 3280 omoas’
523 3243 547 3280 e.
571 3241 597 3291 q.
620 3242 641 3278 s.
665 3233 769 3293 ‘eperat
792 3243 846 3277 eam
868 3227 962 3286 Vario,
983 3227 1130 3291 priusquam

123 3296 204 3343 ltalia
221 3297 369 3356 decederet,
386 3303 414 3347 nt
433 3295 668 3354 ...annumeres
687 3297 734 3346 sed
750 3297 773 3344 is
787 3293 914 3358 soenorum
924 3309 952 3342 se
970 3309 996 3357 p.
1009 3293 1087 3357 igitar
1104 3294 1130 3340 in

123 3368 239 3410 extrema
254 3363 390 3415 ualitudine
414 3365 518 3415 assidue
537 3398 543 3411 .
559 3400 564 3413 .
580 3398 587 3412 .
605 3365 676 3428 ipse:
699 3377 782 3413 oerum
804 3362 900 3411 nemine
922 3361 1047 3425 offerente
1069 3359 1131 3407 cibit

124 3428 222 3492 quidem
233 3430 376 3480 nominatim
388 3433 419 3481 de
432 3447 464 3482 ea
481 3432 557 3480 coeit.
577 3436 688 3480 ceterum
706 3431 784 3480 eidem
800 3428 881 3478 Vario
898 3442 929 3477 ac
946 3428 1019 3475 simut
1032 3424 1130 3473 Tuscae

123 3493 222 3556 scripta
242 3509 290 3544 rua
310 3495 355 3544 sab
378 3512 409 3547 ea
431 3499 578 3549 condicione
601 3499 694 3562 legauit
715 3512 746 3545 ne
769 3496 831 3560 qnid
853 3529 860 3543 .
901 3528 908 3542 .
933 3498 1008 3542 esset.
1048 3490 1129 3539 edidit

123 3567 204 3611 antem
227 3568 332 3611 anctore
354 3563 468 3629 Aicpmto
495 3564 604 3623 Varius,
631 3565 679 3614 sed
703 3563 838 3611 summatim
860 3559 1005 3613 emendata,
1032 3562 1058 3605 ot
1087 3557 1130 3620 poi
