2512 4096
185 222 243 284 114
499 230 666 281 ·vnna1n1
687 231 812 281 anunm
835 232 861 280 n

183 389 367 459 conticuere,
387 404 477 468 sopor
498 384 591 449 fessos
613 383 818 466 complectitm·
838 394 948 470 artust

183 482 213 536 et
236 475 293 534 ianr
315 472 422 551 Argiva
439 469 568 551 phalanx
588 471 737 531 instructis
758 469 880 532 navibus
898 470 958 533 ibat

182 551 338 619 a'leriedo
357 556 464 617 tacitae
483 572 539 634 per
559 555 652 615 amica
671 553 784 616 silentia
806 554 893 618 lunae

181 641 267 703 litora
288 648 358 700 nota
380 646 499 718 petens:
523 638 656 700 dammas
679 656 746 699 cum
767 639 848 717 regia
869 643 975 718 puppis

182 724 341 795 extulerat,
365 723 491 802 satisque
509 722 597 784 deum
619 722 757 783 detonsus
777 723 884 801 iniquis

181 806 311 870 inclusos
334 814 419 869 utero
442 807 557 884 ¹Danaos
580 812 608 867 et
626 807 711 884 pinea
732 807 832 867 furtim

35 885 147 893 Μ
181 893 259 954 laxat
281 891 407 953 claustra
427 890 527 952 Sinon.
571 888 637 950 illos
658 888 822 968 patefactus
840 892 879 952 ad
901 909 987 952 auras

181 976 277 1038 reddit
298 993 382 1045 ecus,
410 973 537 1053 laetique
559 992 629 1035 cavo
651 990 684 1035 sc
704 973 814 1036 robore
835 983 977 1055 promunt

180 1059 387 1121 Thessandrus
409 1057 624 1136 Sthenelusque
639 1056 736 1119 >duces
759 1064 788 1120 et
809 1058 890 1121 dirus
911 1058 1008 1121 Ulixes

182 1144 341 1206 demissum
362 1142 436 1222 lapsi
456 1159 511 1222 per
528 1141 646 1212 funem,
667 1142 849 1222 Acamasque
870 1143 1026 1223 Thoasque

182 1227 353 1307 Pelidesque
373 1225 583 1305 Neoptolemus
604 1227 775 1305 primusque
795 1226 939 1290 Machaon

181 1321 210 1375 et
232 1312 382 1374 Menelaus
405 1312 519 1389 etipse
542 1309 601 1372 doli
623 1309 783 1371 fabricator
803 1309 910 1390 Epeos.

180 1397 319 1457 invadunt
339 1395 445 1457 urbem
466 1411 570 1456 somno
589 1395 716 1473 vinoque
738 1393 901 1473 sepultam3

181 1479 344 1541 caeduntur
364 1479 482 1557 vigiles,
504 1479 656 1558 portisque
677 1477 846 1557 patentibus
865 1480 960 1540 omnis

180 1563 326 1640 accipiunt
347 1564 442 1622 socios
460 1569 550 1642 atque
572 1565 688 1640 agmina
711 1563 827 1624 conscia
846 1565 980 1640 iungunt.

43 1721 59 1730 κ
214 1645 352 1723 'Tempus
375 1652 453 1716 erat,
478 1663 535 1724 quo
558 1648 653 1724 prima
675 1647 758 1724 quies
779 1646 953 1708 mortalibus
975 1649 1070 1726 aegris

179 1730 281 1808 incipit
301 1736 329 1790 et
351 1729 429 1790 dono
452 1728 550 1789 divom
572 1730 736 1806 gratissima
758 1731 858 1806 serpit.

179 1814 344 1875 insomnis
367 1831 436 1874 ecce
458 1819 526 1874 ante
549 1811 651 1873 oculos
673 1813 884 1875 maestissimus
907 1814 1016 1876 ilector

178 1898 257 1958 risus
278 1896 381 1958 adesse
403 1895 474 1957 mihi
496 1895 654 1975 largosque
676 1895 827 1959 effundere
844 1897 946 1968 fletus,

180 1987 312 2060 raptatus
334 1979 410 2058 bigis
434 1987 467 2042 ut
487 1981 637 2058 quondam
655 1987 779 2060 aterque
797 1990 920 2044 cruento

178 2065 313 2143 pulvere·
318 2082 432 2144 perque
452 2065 544 2145 pedes
565 2065 705 2127 traiectus
726 2062 790 2127 lora
811 2068 959 2128 tumentis.

181 2150 208 2210 ei
229 2148 301 2210 mihi
322 2147 415 2228 qualis
438 2156 516 2221 erat,
539 2156 682 2229 quantum
704 2155 832 2212 mutatus
853 2150 890 2211 ab
912 2149 962 2212 illo

179 2232 325 2303 Hectore,
349 2234 399 2312 qui
421 2234 498 2295 redit
520 2235 637 2296 exuvias
655 2234 774 2296 indutus
795 2234 898 2296 Achilli

180 2312 226 2376 uel
241 2315 374 2377 Danaum
395 2315 539 2397 Phrygios
560 2316 703 2381 iaculatus
724 2317 874 2398 puppibus
893 2320 983 2397 ignis,

179 2397 361 2476 squalentem
381 2398 505 2462 barbam
528 2409 556 2463 et
576 2409 730 2463 concretos
751 2405 893 2479 sanguine
916 2403 1005 2464 crinis

178 2479 357 2561 volneraque
377 2481 426 2544 illa
449 2501 572 2561 gerens,
596 2503 671 2566 quae
693 2486 803 2546 circum
824 2485 950 2564 plurima
971 2504 1072 2548 muros

178 2566 292 2644 accepit
313 2566 439 2644 patrios!
460 2566 538 2628 ultro
561 2565 635 2629 flens
655 2566 719 2647 ipse
740 2565 860 2630 videbar

179 2647 355 2727 compellare
376 2651 471 2711 virum
492 2658 521 2712 et
541 2657 667 2712 maestas
688 2669 863 2731 expromere
881 2672 982 2716 voces:

179 2742 213 2792 ὀ
236 2731 287 2793 lux
309 2733 486 2805 Dardaniae,
508 2751 577 2812 spes
600 2751 618 2793 o
639 2734 777 2796 fidissima
798 2736 963 2808 Teucrum,

178 2833 254 2896 quae
272 2824 371 2878 tantae
391 2825 514 2879 tenuere
534 2817 653 2880 morae?
676 2819 783 2898 quibus
804 2820 914 2883 llector
937 2822 973 2883 ab
996 2825 1054 2886 oris

178 2907 330 2979 expectate
349 2901 450 2963 venis?
470 2909 503 2964 ut
523 2909 552 2964 te
572 2909 640 2982 post
659 2901 750 2971 multa
773 2912 893 2968 tuorum

178 2983 297 3055 lunera,
320 2992 388 3065 post
406 2987 503 3047 uarios
518 2987 730 3068 hominumque
751 2987 893 3070 urbisque
913 2989 1030 3054 labores

177 3067 283 3129 defessi
302 3069 472 3148 aspicimus!
496 3089 573 3152 quae
594 3089 682 3134 eausa
704 3073 823 3152 indigna
844 3092 966 3137 serenos

178 3151 303 3213 foedarit
320 3152 435 3215 voltus?
454 3164 505 3217 aut
527 3175 580 3218 cur
600 3156 675 3219 haec
696 3156 816 3219 uolnera
836 3159 958 3220 eernol'

176 3233 225 3297 ille
246 3235 332 3308 nihil,
360 3255 416 3299 nec
437 3257 485 3300 me
507 3247 697 3320 quaerentem
717 3258 790 3302 vana
812 3249 961 3314 moratur,

176 3320 229 3381 sed
251 3322 378 3399 graviter
399 3323 524 3399 gemitus
550 3322 608 3384 imo
629 3322 804 3401 depectere
827 3324 937 3388 ducens

179 3403 251 3466 ‘heu
273 3403 356 3485 luge,
385 3411 453 3467 nate
475 3406 547 3476 dea,
570 3412 657 3486 teque
678 3406 738 3467 bis'
759 3408 799 3469 ait
819 3411 916 3488 ‘eripe
939 3408 1072 3473 dammis.

178 3487 268 3551 bostis
290 3488 379 3551 habet
399 3506 514 3559 muros,
545 3491 604 3551 ruit
624 3489 682 3552 alto
701 3510 717 3553 a
742 3490 866 3568 culmine
885 3495 982 3557 Troia.
