2512 4096
196 266 258 330 182
546 275 687 323 vunnim
702 275 827 323 anunm
846 281 867 323 v

192 435 328 497 aetheriis
346 434 493 510 fixamque
513 431 606 492 refert
626 430 741 508 delapsa
766 431 909 506 sagittam.

192 521 297 580 amissa
321 517 399 578 solus
421 516 516 595 palam
538 514 697 594 superabat
716 514 850 582 Acestem

193 604 243 682 qui
264 610 363 664 tamen
385 601 479 661 aerias
500 599 593 662 telum
614 598 757 660 contorsit
773 598 804 658 in
826 615 929 675 auras,

192 692 341 747 ostentans
361 694 513 763 artemque
533 691 618 763 pater
640 699 800 760 arcumque
821 689 983 742 sonantem

192 769 241 831 hic
263 767 356 831 oculis
373 768 503 830 subitum
524 767 651 828 obicitur
668 781 835 844 magnoque
855 765 987 826 futurum

193 855 316 930 angulo
337 861 520 914 monstrum:
551 850 650 912 docuit
669 857 736 927 post
757 851 852 911 exitus
873 850 993 925 ingene,

192 954 317 1016 seraque
338 937 459 998 terrifici
481 937 653 996 cecinerunt
673 934 772 994 omina
795 942 885 994 vates.

192 1038 320 1099 namque
341 1019 441 1081 volans
461 1019 578 1098 liquidis
598 1019 629 1078 in
650 1017 778 1079 nubibus
795 1019 866 1078 arsit
887 1014 1022 1077 harundo

193 1105 374 1184 signavitque
394 1104 471 1164 uam
491 1103 616 1164 nammis
633 1102 789 1179 tenusque
810 1102 933 1162 recessit

192 1193 365 1265 consumpta
382 1188 413 1249 in
435 1194 550 1257 ventos,
573 1185 654 1247 caelo
673 1204 729 1246 ceu
750 1203 838 1265 saepe
857 1185 949 1246 rema

192 1278 400 1332 transcurrunt
421 1272 592 1350 crinemque
613 1269 737 1331 volantia
758 1269 854 1330 sidera
876 1268 996 1329 ducunt.

193 1356 321 1415 attonitis
345 1355 468 1416 haesere
490 1356 594 1416 animis
614 1371 798 1433 superosque
819 1353 931 1430 precati

191 1435 337 1498 Trinacrii
354 1438 519 1518 Teucrique
539 1438 612 1509 vlri,
630 1457 686 1499 nec
704 1439 849 1499 maximus
872 1453 959 1497 omen

119 1557 132 1605 .'
192 1521 294 1581 abnuit
311 1522 439 1590 Aeneas,
463 1521 515 1583 sed
528 1522 637 1584 laetum
655 1522 808 1600 amplexus
828 1521 954 1582 Acesten

192 1603 365 1666 muneribus
387 1605 516 1666 cummat
537 1607 651 1684 magnis
671 1624 706 1667 ac
727 1605 795 1666 talia
812 1604 904 1665 latur:

193 1698 306 1758 ‘sume‚
327 1695 426 1767 pater;
450 1706 518 1749 nam
539 1696 569 1750 te
590 1688 680 1749 voluit
700 1708 753 1750 rex
773 1705 896 1766 magnus
917 1685 1032 1766 Olympi

190 1770 297 1833 talibus
319 1773 455 1850 auspiciis
477 1781 624 1834 exsortem
646 1771 754 1834 ducere
775 1772 911 1833 honores.

191 1856 283 1933 ipsius
302 1855 446 1917 Anchisae
466 1855 600 1935 longaevi
621 1857 680 1918 hcc
700 1874 808 1918 munus
829 1855 967 1925 habebis,

192 1947 306 2001 cratera
328 1940 495 2018 inpressum
516 1942 621 2018 signis,
648 1959 735 2020 quem
757 1939 900 2000 Thracius
922 1939 991 1999 olim

192 2023 335 2085 Anchisae
356 2025 482 2100 genitori
503 2026 533 2085 in
555 2041 662 2104 magno
683 2042 807 2086 munere
823 2024 940 2085 Cisseus

194 2105 270 2168 ferre
292 2108 337 2168 sni
360 2107 481 2170 dederat
501 2111 714 2170 monimentum
737 2116 766 2169 et
783 2109 890 2186 pignus
907 2105 1036 2167 amoris’

192 2191 234 2251 sic
259 2192 335 2252 latus
358 2192 447 2271 cingit
468 2193 603 2264 viridanti
624 2200 757 2271 tempora
778 2191 862 2252 lauro

190 2276 369 2352 caprimum
391 2284 458 2338 ante
480 2279 575 2338 omnis
595 2279 735 2338 notorem
756 2275 883 2355 appellet
902 2276 1036 2335 Acesten.

140 2419 146 2428 ,
189 2374 246 2418 nec
266 2357 363 2420 bonus
377 2359 518 2441 Eurytion
535 2360 667 2439 praelato
687 2359 788 2421 invidit
807 2359 936 2426 bonore,
1043 2388 1046 2394 ·

190 2444 322 2520 quamvis
341 2442 421 2505 solus
442 2463 525 2505 avem
543 2444 625 2505 caelo
648 2444 753 2505 deiecit
773 2443 810 2502 ab
834 2442 901 2503 alto.

188 2527 341 2603 proximus
361 2528 525 2604 ingreditur
545 2528 629 2588 donis
651 2529 702 2604 qui
718 2525 833 2586 vincula
855 2527 948 2604 rupit,

190 2616 339 2671 extremus
358 2609 471 2672 volucri
494 2612 545 2688 qui
566 2612 628 2671 fixit
648 2609 812 2670 harundine
834 2610 952 2671 malum.
1031 2635 1034 2642 ·

232 2695 270 2752 nt
288 2700 371 2770 pater
389 2693 504 2754 Aeneas
525 2693 657 2754 nondum
680 2694 839 2754 certamine
861 2695 950 2754 misso

190 2775 340 2837 custodem
359 2775 396 2836 ad
415 2793 480 2837 sese
498 2779 693 2856 conritemque
714 2777 830 2854 inpubis
849 2777 904 2838 Iuli

188 2857 332 2937 Epytiden
354 2867 453 2930 vocat,
473 2867 502 2920 et
520 2860 609 2921 fidam
630 2861 673 2922 sic
694 2861 771 2922 latur
793 2863 829 2922 ad
849 2879 964 2922 aurem:

190 2941 278 3003 ‘vade
300 2958 355 3018 age
377 2949 406 3003 et
425 2944 565 3015 Ascanio,
587 2947 690 3007 eiiam
711 2945 824 3024 puerile
845 2955 981 3024 paratum

190 3043 294 3104 agmen
316 3025 527 3090 habetsecum
549 3048 711 3110 cursusque
729 3032 866 3092 instrunit
888 3046 1047 3108 equorum.

190 3110 277 3170 ducat
298 3127 352 3170 avo
374 3117 486 3173 turmas
509 3121 538 3174 et
556 3132 621 3177 sese
642 3115 776 3176 ostendat
796 3117 825 3175 in
845 3116 951 3182 armis,

190 3191 253 3252 dic'
272 3195 320 3254 ait
364 3197 427 3273 ipse
448 3215 565 3258 omnem
585 3198 675 3275 longo
694 3197 845 3259 discedere
864 3200 942 3259 circo

191 3275 316 3338 infusum
338 3280 480 3357 populum
503 3289 532 3341 et
554 3298 673 3360 campas
693 3280 777 3341 iubet
798 3299 863 3343 esse
883 3283 1018 3363 patentis.

189 3360 328 3421 incedunt
347 3366 448 3440 pueri,
470 3366 638 3444 pariterque
660 3371 728 3426 ante
749 3383 802 3426 ora
823 3374 979 3444 parentum

190 3441 310 3504 frenatis
331 3444 430 3508 lucent
450 3449 480 3508 in
503 3449 599 3526 equis,
621 3466 696 3527 quos
712 3451 808 3511 omnia
828 3452 923 3512 euntis

191 3526 357 3591 Trinacriae
377 3533 482 3592 mhata
503 3531 603 3592 lremit
617 3533 780 3612 'lroiaeque
800 3536 945 3596 iuventus.
