2512 4096
449 255 591 329 visuum
611 253 735 302 ansuis
752 254 801 302 vlt

120 412 252 480 llumlna,
275 408 654 484 tumNoctem.1tocusque
677 410 799 468 orientia
821 408 903 486 signa

122 495 298 572 ldaeumque
319 510 416 554 orem
437 492 651 571 Phrygiamque
673 509 708 551 ex
730 491 832 551 ordine
852 498 975 552 matrem

122 582 236 639 invocat
258 586 287 637 et
308 575 433 656 duplicis
454 573 595 652 caeloque
616 573 764 652 ereboque
785 576 924 652 parentis.

124 661 172 721 hic
187 669 271 740 pater
291 661 475 739 omnipotens
494 666 540 718 ter
563 657 642 718 caelo
666 656 763 717 clarus
781 657 817 716 ab
840 656 896 717 alto

125 745 249 805 intonuit
267 744 413 821 radiisque
435 741 587 802 ardentem
608 740 681 801 lucis
704 748 732 800 et
754 757 826 800 auro

124 828 185 905 lpse
206 845 295 889 manu
316 827 448 905 quatiens
468 823 594 885 ostendit
612 823 648 884 ah
665 823 783 884 aethere
804 822 923 883 nubem.

123 910 231 971 diditur
248 910 297 988 hic
315 909 411 971 subito
434 909 560 969 'l'roiana
582 925 636 985 per
655 908 771 984 agmlna
793 924 895 968 rumor

123 995 274 1058 advenisse
296 994 381 1062 diem,
405 1011 461 1071 quo
484 991 581 1053 debita
602 993 717 1052 moenia
738 990 873 1052 condant.

120 1077 268 1155 [certatim
282 1081 447 1139 instaurant
458 1075 559 1154 epulas
581 1082 667 1153 atque
687 1076 785 1135 omine
804 1091 910 1150 magno

124 1169 252 1220 crateras
273 1160 341 1220 laeti
363 1167 492 1219 statuunt
511 1167 539 1217 et
558 1160 624 1218 vina
648 1153 815 1236 coronant]

164 1243 285 1303 Postera
308 1261 372 1303 cum
396 1244 491 1320 prima
511 1240 654 1301 lustrabat
675 1240 809 1318 lampade
830 1247 924 1300 terras

122 1334 186 1386 orta
208 1327 278 1395 dies,
301 1325 404 1385 urbem
427 1333 455 1384 et
473 1325 539 1383 finis
561 1333 589 1383 et
607 1322 692 1385 litora
713 1325 807 1401 gentis

122 1409 231 1470 diversi
252 1407 421 1486 explorant:
443 1409 515 1467 haec
536 1408 624 1467 fonds
645 1415 746 1484 stagna
768 1405 891 1476 Numici,

123 1493 203 1553 hunc
224 1491 365 1570 Thybrim
387 1491 514 1558 flurium,
538 1490 587 1550 hic
607 1491 690 1549 lortis
712 1489 845 1550 hahitare
866 1490 993 1551 Latinos.

122 1584 185 1635 tum
207 1584 286 1635 satus
308 1575 433 1636 Anchisa
450 1573 579 1635 delectos
598 1573 700 1634 ordine
720 1573 755 1634 ab
782 1577 860 1634 omni

122 1667 242 1718 centum
264 1667 395 1719 oratores
419 1665 541 1735 augusta
562 1659 598 1718 ad
621 1660 737 1719 moenia
758 1661 837 1737 regis

123 1744 167 1801 ire
187 1741 277 1813 lubet,
297 1744 386 1803 ramis
407 1743 516 1804 ‘velatos
539 1742 662 1803 Palladis
685 1745 789 1813 omnis,

123 1825 258 1902 donaque
279 1824 358 1888 lerre
380 1829 443 1886 viro
465 1845 628 1905 pacemque
648 1843 807 1904 exposcere
828 1826 960 1885 Teucris.

124 1909 193 1967 haut
214 1926 305 1980 mora,
328 1911 465 1970 festinant
486 1910 556 1979 iussi
577 1910 745 1986 rapidisque
767 1909 902 1967 teruntur

124 1991 271 2069 passibus..
297 1994 359 2070 ipse
378 1991 480 2052 humili
502 1992 633 2066 designat
650 1991 767 2049 moenia
789 1988 866 2048 fossa

124 2072 301 2151 moliturque
322 2075 419 2134 locum
443 2074 612 2149 primasque
634 2074 664 2131 ln
685 2065 770 2129 litore
791 2070 875 2130 sedes

125 2165 287 2216 castrorum
306 2159 336 2215 in
357 2173 471 2214 morem
492 2156 590 2229 pinnis
612 2162 699 2229 atque
722 2155 829 2230 aggere
848 2151 944 2226 cingit.

126 2240 241 2316 ianrquc
264 2240 318 2298 iter
341 2239 452 2296 emensi
473 2236 563 2295 turris
584 2252 619 2294 ac
640 2242 716 2295 tecta
737 2235 908 2295 Latinorum

125 2320 216 2381 ardua
238 2319 398 2380 cernebant
418 2320 536 2379 iuvenes
557 2335 701 2394 muroque
724 2317 869 2379 subibant.

126 2409 192 2462 ante
211 2401 316 2461 urbem
339 2403 425 2480 pueri
448 2409 476 2460 et
497 2401 645 2478 primaevo
665 2401 739 2462 llorc
760 2403 895 2462 iuventus

128 2491 299 2545 exercentur
322 2485 403 2563 equis
424 2485 622 2562 domitantque
641 2487 671 2545 in
692 2484 812 2564 pulvere
833 2503 937 2546 currus

127 2574 176 2626 out
195 2568 270 2629 acris
291 2569 415 2629 tendunt
436 2586 521 2629 arcus
544 2577 594 2629 aut
613 2568 689 2629 lenta
710 2568 828 2630 lacertis

126 2649 236 2726 spicula
254 2660 447 2730 contorquent
465 2671 611 2731 cursuque
630 2653 747 2732 ictuque
763 2651 928 2716 lacessunt:

126 2751 192 2793 cum
211 2746 381 2812 praevectus
401 2755 475 2816 equo
497 2737 630 2814 longaevi
652 2738 730 2815 regis
749 2737 784 2797 ad
805 2739 884 2798 auris

126 2818 244 2878 nuntius
266 2822 391 2897 ingentis
413 2822 511 2895 ignota
531 2821 561 2879 in
582 2830 662 2882 veste
684 2830 816 2900 reportat

127 2899 275 2962 advenisse
296 2906 384 2962 viros.
420 2903 466 2963 ille
484 2905 561 2963 intra
582 2911 659 2963 tecta
677 2906 776 2963 rocari

127 2983 249 3057 imperat
269 3001 297 3044 ec
319 2983 391 3044 solio
412 2985 525 3044 medius
546 2986 678 3046 consedit
699 2988 784 3045 avito.

126 3073 232 3126 tectum
256 3076 411 3146 angustum
432 3069 544 3144 ingens,
569 3075 686 3128 centum
709 3068 833 3129 sublime
857 3066 1009 3139 columnis,

126 3147 199 3208 urhe
222 3151 273 3211 luit
291 3169 413 3222 summa,
436 3151 590 3211 Laurentis
611 3152 692 3229 regia
712 3152 784 3221 Pici,

125 3231 305 3296 horrendum
331 3234 407 3294 silvis
428 3240 456 3295 et
477 3233 617 3313 religione
638 3242 801 3313 parentum.

126 3315 173 3374 hic
194 3330 309 3397 sceptra
331 3320 466 3396 accipere
487 3326 516 3378 et
534 3321 646 3398 primos
668 3317 799 3380 attollere
821 3318 913 3378 lasoee

126 3400 244 3474 regibus
265 3420 352 3463 omen
369 3412 439 3471 erat,
463 3403 519 3463 hoc
539 3402 595 3464 illis
614 3405 694 3464 curia
716 3401 865 3481 templum,

127 3481 181 3542 hae
204 3486 294 3546 sacris
315 3485 399 3546 sedes
419 3485 521 3563 epulis,
543 3487 591 3546 hic
611 3489 701 3549 ariete
720 3505 804 3548 caeso

1078 580 1126 633 140

1082 3075 1133 3130 tto
