2512 4096
186 242 247 306 stt
506 249 537 297 P.
560 247 705 296 vnrrorm
726 245 882 296 nasonis

186 407 309 487 suspicit
329 404 367 467 ad
389 402 460 465 celsi
481 403 622 465 nictantia
644 399 741 463 sidera
763 399 878 473 mundi,

185 510 246 553 non
268 496 388 569 accepta
409 489 467 568 piis
487 487 663 567 promittens
684 502 809 547 munera
831 484 917 546 divis.

228 575 321 645 Quam
343 571 430 634 simul
453 571 556 649 Ogygii
577 570 734 631 Phoenicis
754 567 814 630 filia
836 568 946 639 Carme
1165 579 1205 638 22⁰

185 674 308 736 surgere
325 657 422 718 sensit
443 673 518 718 anus
540 652 679 733 (sonitum
701 671 771 716 nam
792 652 906 715 fecerat
927 650 973 715 illi

185 758 353 803 marmoreo
375 746 492 802 aeratus
513 737 642 801 stridens
662 739 695 798 in
716 736 817 801 limine
840 735 954 817 cardo),

186 824 310 904 corripit
331 823 478 902 extemplo
500 821 608 883 iessam
629 820 720 900 langu
756 839 772 881 e
793 819 926 900 puellam
1000 836 1003 842 ’

186 916 216 969 et
237 906 324 969 simul
345 911 374 967 ‘o
397 906 483 968 nobis
505 923 622 971 sacrum
645 913 733 985 caput
777 905 873 984 inquit
894 903 1043 976 ‘alumna

185 1008 246 1052 non
266 991 322 1051 tibi
342 991 521 1070 nequiquam
542 989 643 1053 uiridis
663 1006 718 1067 per
739 989 853 1049 viscera
873 986 973 1067 pabor
1165 1000 1207 1053 22⁵

186 1081 321 1153 aegrotas
343 1075 426 1135 tenui
447 1071 567 1137 suffudit
587 1073 731 1151 sanguine
752 1089 849 1143 venas,

173 1176 242 1218 ‘nec
262 1156 334 1218 levis
355 1157 412 1218 hoc
434 1157 547 1220 iaceres
567 1155 672 1237 (neque
694 1158 774 1222 enim
794 1153 872 1236 pote)
898 1172 971 1218 cura
993 1157 1132 1239 subegit.

185 1241 257 1303 baut
278 1239 364 1303 fallor
385 1241 475 1322 (qued
492 1246 529 1303 -ut
550 1260 568 1302 o
588 1242 701 1321 potius,
722 1239 918 1307 Rhamnusia,
942 1236 1060 1323 tolon

186 1344 255 1387 nam
276 1343 334 1405 qua
356 1332 385 1385 te
407 1343 494 1386 causa
516 1342 572 1389 nec
595 1323 692 1387 ducis
710 1322 815 1404 pocula
837 1323 950 1384 Bacchi

186 1427 242 1469 nec
263 1408 398 1487 gravidos
420 1410 536 1471 Cereris
558 1408 654 1471 dicam
676 1410 847 1487 contingere
868 1407 964 1479 ietus3
1164 1418 1209 1472 230

186 1511 261 1571 quae
284 1510 371 1553 causa
393 1491 429 1552 ad
451 1495 580 1572 patrium
600 1491 694 1554 solam
715 1491 836 1571 vigilare
858 1489 969 1563 cubile,

185 1582 320 1654 tempore
342 1593 400 1654 quo
423 1575 515 1637 iessas
536 1575 672 1637 mortalia
692 1583 815 1656 pectora
837 1593 934 1646 curas,

186 1677 243 1737 quo
266 1657 385 1738 rapidos
407 1660 496 1719 etiam
517 1661 708 1738 requiescunt
728 1659 850 1723 flumina
871 1676 979 1721 cursus

186 1741 234 1802 dic
255 1759 309 1821 age
331 1759 410 1802 nunc
432 1743 558 1804 miserae
579 1741 697 1815 saitem,
720 1744 799 1824 quod
821 1759 909 1822 saepe
930 1745 1050 1823 petenti

184 1825 303 1887 iurabas
324 1824 397 1885 nihil
419 1843 484 1887 esse
504 1826 591 1898 mibi,
615 1844 668 1889 cur
688 1835 800 1889 maesta
820 1827 954 1905 parentis

185 1909 331 1970 formosos
353 1910 465 1970 circum
488 1911 569 1989 virgo
591 1928 744 1973 remorare
766 1908 895 1992 capillos

184 1992 234 2054 hei
255 1993 343 2071 mihi,
366 2011 404 2053 ne
426 1993 510 2055 furor
531 1993 581 2055 ille
603 2002 669 2057 tuos
690 1996 830 2058 invaserit
851 2002 944 2066 artus,

184 2074 249 2147 ille,
272 2076 386 2137 Arabae
408 2078 545 2156 Myrrhae
567 2080 716 2159 quonmm
738 2081 789 2160 qui
810 2079 889 2158 cepit
910 2076 1034 2151 ocellos,

184 2167 218 2220 ut
239 2159 352 2220 scelere
373 2160 495 2223 infando
519 2160 607 2241 (quod
629 2182 685 2226 nec
699 2166 770 2227 sinit
787 2161 939 2243 Adrastea)
1005 2238 1009 2245 θ

184 2241 303 2304 laedere
325 2250 484 2325 utrumqne
504 2264 565 2306 uno
586 2247 705 2309 studeas
727 2264 829 2309 errore
850 2248 1025 2326 parentem!

184 2327 263 2406 quod
285 2329 310 2387 si
333 2325 389 2388 alio
411 2330 514 2409 quovis
535 2331 625 2391 animi
646 2332 765 2391 iactaris
786 2348 887 2392 amore

185 2409 264 2488 (nam
285 2418 315 2471 te
336 2411 456 2490 iactari,
480 2430 540 2474 non
563 2420 608 2474 est
627 2414 798 2476 Amathusia
820 2413 914 2474 nostri

183 2500 244 2554 tam
266 2493 348 2554 rudis
370 2502 402 2555 ut
424 2495 504 2556 nullo
525 2498 636 2576 possim
659 2515 839 2575 cognoscere
860 2495 967 2578 signe),

183 2577 209 2636 si
231 2593 389 2638 concessus
410 2596 494 2641 amor
515 2587 585 2640 noto
607 2586 637 2640 te
660 2589 791 2643 macerat
811 2583 894 2660 igne:

182 2678 238 2740 per
260 2659 314 2720 tibi
336 2659 496 2740 Dictynnae
518 2664 687 2741 praesentia
709 2666 830 2727 numina
852 2666 929 2734 iuro,

183 2746 279 2822 prima
302 2740 394 2804 decus
416 2763 490 2823 quae
512 2743 598 2807 dulce
620 2746 695 2807 mihi
714 2754 745 2808 to
767 2747 857 2810 donat
878 2747 1043 2822 alumnam,

183 2827 282 2886 omnia
303 2843 352 2887 me
373 2830 471 2906 potius
493 2828 582 2908 digna
602 2837 690 2909 atque
711 2829 834 2910 indigna
854 2830 992 2893 laborum

181 2910 262 2974 milia
278 2911 421 2982 visuram,
445 2930 533 2992 quarn
554 2921 584 2975 te
607 2920 666 2975 tam
689 2914 822 2977 tristibus
843 2912 907 2977 istis'

69 3040 71 3045 .
183 2992 321 3055 sordibus
343 3003 372 3056 et
394 2997 476 3057 senio
499 2999 595 3077 patiar
617 2996 772 3061 tabescere
794 2997 868 3061 toti?

224 3077 304 3138 Haec
324 3077 468 3158 loquitur,
491 3079 631 3161 mollique
652 3089 686 3143 ut
706 3100 739 3145 se
760 3083 866 3145 velavit
886 3082 1007 3154 amictu,

182 3158 352 3236 frigiduiam
373 3163 480 3224 iniecta
503 3166 667 3227 circumdat
687 3173 767 3228 veste
787 3165 927 3247 puellam,

183 3259 257 3320 quae
279 3245 362 3322 prius
383 3246 414 3305 in
435 3250 518 3308 tenui
539 3256 662 3310 steterat
682 3252 832 3313 succincta
854 3258 982 3312 crocota.

183 3322 278 3385 dulcia
300 3326 406 3389 deinde
428 3333 512 3408 genis
534 3333 703 3394 rorantibus
725 3333 824 3396 oscula
844 3336 939 3413 iigens

181 3411 370 3488 persequitur
391 3414 519 3475 miserae
541 3433 643 3477 causas
666 3419 829 3496 exquirere·
843 3418 928 3490 tabis,

184 3507 238 3551 nec
260 3499 358 3557 tamen
381 3503 448 3557 anta
469 3496 544 3561 ullas
565 3501 675 3579 patitur
696 3501 753 3563 sibi
773 3500 900 3564 reddere
921 3518 1021 3579 voces,
