2512 4096
399 261 543 310 vnnoun
556 262 682 312 aunum
698 264 736 310 11
1007 248 1069 312 279

60 420 208 497 mtorquet
229 417 350 480 summis
372 416 494 478 adnixus
514 416 625 478 viribus
645 417 775 478 hastam:

61 517 204 580 excepere
226 518 330 570 aurae;
351 499 454 560 volnus
476 499 610 562 Saturnia
630 499 704 561 Iuno
1018 505 1070 557 rao

60 582 183 646 detorsit
202 584 330 655 veniens,
352 591 514 662 portaeque
532 584 662 662 infigitur
685 583 795 645 hasta.-

61 674 108 728 ‘at
127 685 187 728 non
204 666 261 729 hoe
282 666 382 737 telum,
405 684 471 727 mea
493 666 574 744 quod
593 668 622 727 vi
642 665 761 728 dextera
780 673 885 739 versat,

60 751 196 828 effugiam
218 768 315 831 neque
337 752 416 813 enim
437 751 463 810 ia
484 748 534 810 tali
555 767 612 811 nec
632 749 759 811 volneris
777 750 898 822 auctor‚'

59 835 103 895 sic
124 834 164 894 ait
184 842 212 896 et
233 834 380 896 sublatum
398 832 454 895 alte
477 835 627 912 consurgit
649 833 680 893 in
699 851 800 896 ensem

60 924 89 979 et
110 917 235 979 mediam
257 917 337 980 lerro
357 919 473 995 gemina
490 918 569 978 inter
587 923 722 995 tempora
738 917 866 979 frontem

60 1001 162 1062 dividit
181 1001 365 1081 inpubesque
385 1002 506 1062 immani
526 1001 646 1063 volnere
664 1000 765 1062 malas.

58 1085 92 1145 nt
113 1100 212 1154 sonus,
234 1086 346 1164 ingenti
366 1102 508 1146 concussa
529 1092 573 1146 est
593 1084 725 1164 pondere
746 1082 847 1146 tellus:

60 1167 215 1246 conlapsos
234 1176 315 1230 artus
333 1174 420 1248 atque
439 1186 521 1229 arma
542 1178 664 1230 cruenta
684 1167 808 1229 cerebro

60 1253 165 1312 sternit
183 1252 265 1313 humi
284 1253 422 1321 moriens,
446 1259 533 1330 atque
551 1250 594 1312 illi
611 1250 744 1329 partibus
765 1250 865 1328 aequis

59 1334 119 1396 huc
138 1341 225 1413 ceput
245 1341 333 1414 atque
353 1333 423 1396 illuc
443 1351 547 1395 umero
565 1351 601 1394 ex
621 1341 747 1412 utroque
768 1331 917 1413 pependit.

60 1417 218 1497 diffugiunt
235 1418 312 1479 versi
334 1417 447 1496 trepide
467 1416 623 1478 formidine
642 1417 750 1478 Troes:

60 1509 89 1563 et
110 1504 135 1562 si
158 1503 298 1562 continuo
317 1503 459 1563 victorem
481 1519 515 1563 ea
539 1518 610 1563 eura
630 1500 765 1570 subisset,

58 1602 198 1663 rumpere
220 1584 346 1647 claustra
366 1602 457 1647 manu
474 1586 630 1664 sociosque
651 1585 799 1646 inmittere
819 1583 921 1663 portis,
1020 1638 1023 1645 .

59 1666 177 1730 ultimus
198 1667 248 1730 ille
270 1669 332 1729 dies
353 1667 431 1730 hello
453 1670 592 1748 gentique
612 1668 729 1737 iuissct;

58 1752 110 1813 sed
132 1751 215 1814 luror
235 1752 386 1814 ardentem
409 1752 567 1832 caedisque
586 1753 688 1813 insana
707 1750 812 1831 cupido

58 1837 116 1915 egit
137 1836 168 1897 in
190 1837 336 1899 adversos.

57 1920 201 2000 principio
220 1918 367 1981 Phalerim
388 1927 418 1981 et
436 1922 552 1982 succiso
575 1919 686 1999 poplite
706 1921 808 1998 Gygen

59 2004 180 2081 aucipit;
203 2003 274 2064 hinc
294 2009 394 2082 raptas
415 2001 595 2080 fugientibus
617 2003 725 2080 ingerit
746 2001 846 2063 hastas

56 2103 88 2146 ur
108 2095 225 2166 tergum
240 2085 323 2164 (luno
340 2086 417 2146 vires
438 2087 629 2162 animumque
650 2085 821 2163 mhiistrat);

58 2167 139 2228 addit
159 2167 262 2246 Halym
285 2169 419 2228 comitem
441 2174 469 2228 et
490 2167 603 2228 confixa
620 2167 739 2243 Phegea
759 2184 872 2246 parma,

57 2254 177 2330 ignaroe
199 2250 304 2312 deinde
324 2251 356 2311 in
375 2251 467 2310 muris
487 2251 670 2328 Martemque
692 2249 795 2311 cientis
854 2278 861 2289 ·

57 2333 295 2413 Alcandrumque
316 2331 492 2410 Haliumque
511 2333 722 2412 Noemonaque
740 2333 959 2414 Prytanimque.
1064 2364 1066 2370 v

57 2418 173 2498 Lyncea
194 2417 363 2479 tendentem
386 2424 486 2478 eontra
507 2418 662 2495 sociosque
681 2424 834 2480 vocantem

57 2501 183 2562 vibranti
203 2499 300 2578 gladio
323 2501 445 2562 conixus
466 2499 503 2561 ah
522 2518 630 2579 aggere
652 2501 754 2562 dexter

58 2591 183 2663 occupat
201 2582 280 2664 (huic
299 2602 359 2646 uno
381 2582 532 2646 desectum
554 2586 719 2646 comminus
736 2586 796 2647 ictu

58 2685 125 2730 cum
146 2667 227 2748 galea
249 2667 338 2749 longe
359 2668 448 2730 iacuit
470 2671 579 2746 caput),
601 2669 670 2730 inde
691 2668 822 2730 ferarum

56 2759 233 2815 vastatorem
255 2753 407 2834 Amycum,
429 2770 486 2832 quo
509 2770 568 2814 non
587 2752 701 2815 felicior
718 2751 793 2814 alter

56 2851 170 2913 ungere
189 2834 247 2898 tela
268 2854 358 2898 manu
380 2835 552 2917 ferrumque
574 2854 690 2897 armare
710 2854 833 2906 veneno,

57 2926 88 2980 et
110 2917 233 2997 Clytium
255 2916 395 2979 Aeoliden
415 2926 446 2980 et
466 2920 592 2980 amicum
615 2918 738 2981 Crethea
760 2920 861 2996 musis,

58 3000 183 3063 Crethea
204 3018 355 3062 musarum
376 3002 522 3072 comitem,
546 3005 592 3063 cui
614 3001 742 3062 carmina
761 3019 879 3081 semper
947 3040 950 3045 -
1018 3010 1070 3061 777

58 3090 88 3144 et
110 3083 239 3145 citharae
260 3084 342 3145 cordi
367 3101 565 3163 numerosque
586 3083 740 3146 intendere
760 3084 867 3148 nervis.

59 3165 192 3248 [semper
215 3185 306 3246 equos
328 3175 416 3246 atque
438 3183 520 3228 arnm
542 3169 636 3228 virum
658 3184 831 3248 pugnasque
853 3166 1002 3250 canebat]

100 3248 232 3311 Tandem
253 3252 391 3313 ductores
411 3251 508 3314 andita
525 3250 615 3313 caede
632 3268 753 3313 suorum

59 3334 235 3396 conveniunt
252 3334 368 3405 Teucri,
390 3333 558 3398 Mnestheus
580 3352 707 3414 acerque
729 3335 873 3407 Serestus,

57 3416 241 3497 palantisque
261 3417 360 3478 vident
376 3419 472 3479 socios
493 3418 666 3497 hostemque
686 3427 848 3497 receptum.
1017 3427 1071 3479 aaa

58 3506 87 3563 et
107 3500 276 3562 Mnestheus
299 3510 373 3579 ‘qno
396 3500 502 3564 deinde
522 3501 629 3582 lugam,
652 3520 710 3581 quo
732 3503 885 3566 tenditisi’
907 3504 1012 3585 inquit.
