2512 4096
427 262 571 311 vulteum
592 262 732 312 ECLOGA
754 264 817 311 VIII

242 418 373 478 carmina
389 423 492 494 coepta
509 419 582 488 tuis,
598 424 685 496 atque
699 417 777 477 hanc
792 418 854 477 sine
868 424 1009 496 tempora
1025 423 1124 484 circum

243 502 319 562 inter
340 501 475 560 victrices
496 499 638 561 hederam
659 500 711 561 tibi
733 516 855 577 serpere
876 499 992 564 laurus.

118 608 133 648 e
285 582 404 660 Frigida
425 584 473 644 vix
495 583 575 646 caelo
596 585 692 644 noctis
713 583 881 645 decesserat
902 585 1023 657 umbra,

217 710 221 717 -
245 685 312 729 cum
333 685 385 728 ros
407 668 438 727 iu
458 673 560 728 tenera
581 669 681 745 pecori
702 667 886 744 gratissimus
908 667 1023 730 herba:
1100 684 1125 736 15

243 750 416 814 incumbens
438 753 523 811 tereti
545 751 657 812 Damon
679 751 722 810 sic
744 751 840 828 coepit
861 749 966 812 olivae.

120 848 133 900 l
206 837 277 897 “¹²I).
292 834 439 903 ‘Nascere
446 852 576 913 praeque
586 833 663 894 diem
674 834 791 894 veniens
804 849 868 910 age,
875 834 1007 906 Lucifer,
1016 835 1125 907 almum,

245 920 376 996 coniugis
397 917 516 996 indigno
538 917 632 997 Nysae
654 916 793 995 deceptus
816 935 917 978 amore
968 956 971 961 >

243 1002 315 1063 dum
337 1018 461 1080 queror,
485 1007 513 1061 et
534 1001 631 1070 divos,
654 1018 830 1079 quamquam
849 1001 889 1060 uil
909 1001 1037 1065 testibus
1058 1004 1110 1066 illis

245 1084 373 1163 profeci,
397 1092 526 1146 extrema
547 1085 676 1144 moriens
697 1091 795 1145 tamen
817 1082 960 1164 adloquar
982 1085 1068 1149 hora.
1098 1100 1126 1151 tu

287 1169 383 1247 incipe
404 1167 562 1229 Maenalios
583 1185 715 1237 mecum,
737 1185 802 1229 mea
824 1166 909 1238 tibia,
928 1187 1070 1232 uersus·

248 1251 398 1314 Maenalus
419 1259 613 1330 argutumque
634 1269 738 1311 nemus
760 1252 903 1330 pinosque
922 1251 1072 1332 loquentis

244 1353 361 1414 semper
383 1335 487 1405 habet;
510 1352 626 1412 semper
647 1341 800 1412 pastorum
822 1333 870 1395 ille
892 1334 973 1396 audit
995 1355 1110 1400 amores

244 1418 396 1496 Panaque,
419 1420 468 1498 qui
488 1420 602 1498 primus
624 1416 751 1479 calamos
772 1435 832 1477 nou
853 1435 959 1496 passus
980 1421 1093 1483 inertis.

287 1503 383 1579 incipe
403 1501 560 1563 Maenalios
582 1519 714 1572 mecum,
736 1519 801 1562 mea
823 1500 907 1572 tibia,
929 1520 1045 1565 versus.
1097 1516 1127 1568 tt

249 1583 352 1662 Mopso
374 1584 449 1663 Nysa
471 1585 570 1646 datur:
594 1586 663 1665 quid
684 1603 743 1645 non
766 1602 918 1663 speremus
940 1590 1090 1650 amantes?

245 1669 402 1745 iungentur
424 1669 482 1728 iam
503 1685 609 1747 grypes
632 1670 728 1747 equis,
752 1687 881 1747 aevoque
902 1673 1039 1749 sequenti

247 1768 314 1810 cum
336 1749 457 1812 canibus
478 1753 569 1812 timidi
589 1754 706 1813 uenient
726 1752 762 1814 ad
784 1751 888 1831 pocula
911 1752 1056 1816 daurmae.
1097 1765 1128 1820 tt

286 1834 383 1911 incipe
403 1833 561 1896 Maenalios
582 1853 712 1906 mecum,
734 1854 799 1897 mea
821 1835 904 1906 tibia,
927 1854 1041 1899 rusus.

245 1917 364 1995 Mopse,
386 1935 477 1979 novas
497 1918 593 1980 iucide
614 1919 709 1980 iaces:
732 1918 783 1980 tihi
805 1920 919 1981 ducitur
940 1939 1033 1990 tuom
1098 1932 1129 1986 tt

245 2017 361 2079 sparge,
376 2003 488 2073 marite,
504 2021 608 2065 nuces:
625 2003 677 2064 tibi
692 2002 1075 2080 deseritHesperusOetam.
1098 2016 1129 2069 30

286 2087 384 2164 incipe
405 2085 563 2148 Maenalios
584 2105 715 2156 mecum,
738 2104 802 2147 mea
823 2085 909 2156 tibia,
932 2105 1047 2148 versus.

140 2160 148 2180 '
247 2169 382 2248 Odigno
404 2172 558 2232 coniuncta
579 2172 657 2240 viro,
681 2171 750 2230 dum
772 2170 898 2248 despicis
919 2188 1031 2241 omnes,

246 2250 374 2331 dumque
396 2254 448 2314 tibi
470 2262 513 2314 est
535 2254 600 2315 odio
622 2272 687 2314 mea
709 2251 804 2314 fistula
826 2253 954 2330 dumque
981 2253 1110 2332 capellae

245 2332 450 2414 hirsutumque
471 2337 659 2414 supercilium
680 2337 883 2415 promissaque
904 2336 1008 2408 barba,

197 2432 303 2477 *nec
324 2435 429 2479 curare
450 2419 537 2479 deum
560 2419 655 2479 credis
676 2418 809 2480 mortalia
831 2437 1017 2498 quemquam.
1098 2433 1130 2487 35

288 2499 384 2576 incipe
404 2500 561 2561 Maenalios
582 2519 712 2572 mecum,
734 2521 800 2563 mea
821 2503 905 2572 tibia,
933 2521 1045 2565 versus.

122 2591 139 2644 3
249 2580 392 2660 Saepibus
413 2585 443 2643 in
464 2585 572 2644 nostris
593 2601 713 2662 parvam
735 2593 763 2646 te
784 2586 900 2646 roscida
921 2585 997 2646 mala

249 2663 318 2743 (dux
340 2681 394 2742 ego
415 2672 511 2726 vester
533 2667 622 2747 eram)
645 2669 702 2728 vidi
724 2687 792 2730 cum
813 2675 908 2730 matre
928 2668 1087 2746 legentem.

247 2746 321 2809 alter
342 2747 379 2808 ab
401 2750 556 2810 undecimo
577 2758 639 2812 tum
660 2770 708 2812 me
730 2753 787 2813 iam
809 2760 963 2830 acceperat
985 2771 1095 2824 annus;

247 2831 305 2890 iam
326 2831 436 2910 fragilis
457 2839 589 2910 poteram
611 2834 648 2894 ab
671 2841 750 2896 terra
772 2837 942 2912 contingere
963 2854 1073 2898 ramos.
1097 2848 1131 2900 40

206 2919 281 2974 ..ut
301 2913 359 2975 vidi
396 2922 429 2977 ut
449 2917 538 2998 perii,
559 2925 592 2979 ut
613 2935 660 2979 me
680 2917 775 2980 malus
797 2919 915 2981 abstulit
937 2937 1035 2980 error.

288 2998 385 3077 incipe
406 2999 562 3061 Maenalios
583 3019 713 3072 mecum,
735 3020 801 3062 mea
822 3002 908 3073 tibia,
930 3021 1044 3064 versus.

122 3073 147 3141 2¹
245 3079 330 3142 Nunc
352 3083 426 3152 scio,
449 3084 518 3161 quid
540 3085 576 3144 sit
596 3086 695 3144 Amor.
728 3085 808 3146 duris
830 3087 860 3145 in
883 3085 997 3147 cotibus
1018 3085 1104 3147 illum

247 3171 297 3225 aut
318 3166 441 3226 Tmaros
462 3174 512 3228 aut
531 3167 673 3245 Rhodope
695 3175 745 3229 aut
766 3170 887 3230 extremi
910 3169 1104 3236 Garamantes

247 3264 303 3308 nec
323 3251 439 3324 generis
460 3252 553 3310 nostri
573 3269 697 3329 puerum
718 3269 774 3313 nec
795 3253 944 3328 sauguinis
965 3251 1065 3329 edunt.
1097 3264 1131 3318 45

289 3331 385 3408 incipe
404 3331 562 3393 Maenalius
582 3352 712 3403 mecum,
735 3353 800 3396 mea
819 3334 902 3405 tibia,
925 3352 1038 3395 uersus.

123 3403 156 3474 τ’
251 3413 359 3474 Saevos
380 3414 470 3475 Amor
491 3415 589 3478 docuit
609 3424 745 3478 natorum
766 3419 906 3496 sanguine
927 3424 1054 3478 matrem

249 3497 463 3559 commaculare
484 3518 601 3572 manus,
625 3501 763 3562 crudelis!
786 3509 817 3563 tu
840 3520 971 3582 quoque,
994 3507 1102 3573 mater,
