<?xml version="1.0" encoding="UTF-8"?>
<!DOCTYPE html PUBLIC "-//W3C//DTD XHTML 1.0 Transitional//EN"
    "http://www.w3.org/TR/xhtml1/DTD/xhtml1-transitional.dtd">
<html xmlns="http://www.w3.org/1999/xhtml" xml:lang="en" lang="en">
 <head>
  <title>
</title>
<meta http-equiv="Content-Type" content="text/html;charset=utf-8" />
  <meta name='ocr-system' content='tesseract 3.04.00' />
  <meta name='ocr-capabilities' content='ocr_page ocr_carea ocr_par ocr_line ocrx_word'/>
</head>
<body>
  <div class='ocr_page' id='page_1' title='image "./pvergilimaronis12virggoog/pvergilimaronis12virggoog_0063.png"; bbox 0 0 2512 4096; ppageno 0'>
   <div class='ocr_carea' id='block_1_1' title="bbox 185 287 886 350">
    <p class='ocr_par' dir='ltr' id='par_1_1' title="bbox 185 287 886 350">
     <span class='ocr_line' id='line_1_1' title="bbox 185 287 886 350; baseline -0.011 0"><span class='ocrx_word' id='word_1_1' title='bbox 185 287 225 350; x_wconf 78' lang='lat'><strong>30</strong></span> <span class='ocrx_word' id='word_1_2' title='bbox 484 296 627 344; x_wconf 82' lang='lat' dir='ltr'><strong>vunmm</strong></span> <span class='ocrx_word' id='word_1_3' title='bbox 650 295 851 344; x_wconf 83' lang='lat' dir='ltr'><strong>onoaorcou</strong></span> <span class='ocrx_word' id='word_1_4' title='bbox 873 296 886 342; x_wconf 90' lang='lat'><em>1</em></span> 
     </span>
    </p>
   </div>
   <div class='ocr_carea' id='block_1_2' title="bbox 184 448 1101 3609">
    <p class='ocr_par' dir='ltr' id='par_1_2' title="bbox 185 448 921 530">
     <span class='ocr_line' id='line_1_2' title="bbox 185 448 921 530; baseline -0.01 -14"><span class='ocrx_word' id='word_1_5' title='bbox 185 472 254 516; x_wconf 87' lang='lat' dir='ltr'><strong>area</strong></span> <span class='ocrx_word' id='word_1_6' title='bbox 276 469 343 513; x_wconf 90' lang='lat' dir='ltr'><strong>cum</strong></span> <span class='ocrx_word' id='word_1_7' title='bbox 364 452 466 530; x_wconf 91' lang='lat' dir='ltr'><strong>primis</strong></span> <span class='ocrx_word' id='word_1_8' title='bbox 487 451 597 528; x_wconf 76' lang='lat' dir='ltr'>ingenti</span> <span class='ocrx_word' id='word_1_9' title='bbox 619 450 769 529; x_wconf 89' lang='lat' dir='ltr'><strong>aequanda</strong></span> <span class='ocrx_word' id='word_1_10' title='bbox 791 448 921 528; x_wconf 80' lang='lat' dir='ltr'>cylindro</span> 
     </span>
    </p>

    <p class='ocr_par' dir='ltr' id='par_1_3' title="bbox 185 533 934 601">
     <span class='ocr_line' id='line_1_3' title="bbox 185 533 934 601; baseline -0.008 -3"><span class='ocrx_word' id='word_1_11' title='bbox 185 546 214 598; x_wconf 89' lang='lat' dir='ltr'><strong>et</strong></span> <span class='ocrx_word' id='word_1_12' title='bbox 233 535 373 598; x_wconf 81' lang='lat' dir='ltr'><strong>vertenda</strong></span> <span class='ocrx_word' id='word_1_13' title='bbox 395 552 483 594; x_wconf 90' lang='lat' dir='ltr'><strong>manu</strong></span> <span class='ocrx_word' id='word_1_14' title='bbox 506 542 534 595; x_wconf 90' lang='lat' dir='ltr'><strong>et</strong></span> <span class='ocrx_word' id='word_1_15' title='bbox 556 541 636 594; x_wconf 91' lang='lat' dir='ltr'><strong>crota</strong></span> <span class='ocrx_word' id='word_1_16' title='bbox 657 533 806 593; x_wconf 89' lang='lat' dir='ltr'><strong>solidanda</strong></span> <span class='ocrx_word' id='word_1_17' title='bbox 828 534 934 601; x_wconf 90' lang='lat' dir='ltr'><strong>tenaci,</strong></span> 
     </span>
    </p>

    <p class='ocr_par' dir='ltr' id='par_1_4' title="bbox 185 616 960 696">
     <span class='ocr_line' id='line_1_4' title="bbox 185 616 960 696; baseline -0.006 -16"><span class='ocrx_word' id='word_1_18' title='bbox 185 639 223 681; x_wconf 93' lang='lat' dir='ltr'><strong>ne</strong></span> <span class='ocrx_word' id='word_1_19' title='bbox 245 619 369 680; x_wconf 83' lang='lat' dir='ltr'>subeant</span> <span class='ocrx_word' id='word_1_20' title='bbox 389 618 500 679; x_wconf 80' lang='lat' dir='ltr'><strong>herbae</strong></span> <span class='ocrx_word' id='word_1_21' title='bbox 522 634 580 677; x_wconf 90' lang='lat' dir='ltr'><strong>neu</strong></span> <span class='ocrx_word' id='word_1_22' title='bbox 601 616 722 696; x_wconf 89' lang='lat' dir='ltr'><strong>pulvere</strong></span> <span class='ocrx_word' id='word_1_23' title='bbox 743 617 817 677; x_wconf 85' lang='lat' dir='ltr'><strong>victa</strong></span> <span class='ocrx_word' id='word_1_24' title='bbox 838 617 960 685; x_wconf 76' lang='lat' dir='ltr'><strong>fatiscat,</strong></span> 
     </span>
    </p>

    <p class='ocr_par' dir='ltr' id='par_1_5' title="bbox 185 701 998 779">
     <span class='ocr_line' id='line_1_5' title="bbox 185 701 998 779; baseline 0 -17"><span class='ocrx_word' id='word_1_25' title='bbox 185 711 248 764; x_wconf 88' lang='lat' dir='ltr'><strong>turn</strong></span> <span class='ocrx_word' id='word_1_26' title='bbox 268 704 367 762; x_wconf 84' lang='lat' dir='ltr'><strong>variae</strong></span> <span class='ocrx_word' id='word_1_27' title='bbox 388 701 521 763; x_wconf 89' lang='lat' dir='ltr'><strong>inludant</strong></span> <span class='ocrx_word' id='word_1_28' title='bbox 541 706 653 779; x_wconf 85' lang='lat' dir='ltr'><strong>pestes:</strong></span> <span class='ocrx_word' id='word_1_29' title='bbox 676 717 763 777; x_wconf 88' lang='lat' dir='ltr'><strong>saepe</strong></span> <span class='ocrx_word' id='word_1_30' title='bbox 786 702 908 777; x_wconf 79' lang='lat' dir='ltr'><strong>exiguus</strong></span> <span class='ocrx_word' id='word_1_31' title='bbox 930 717 998 762; x_wconf 90' lang='lat' dir='ltr'><strong>mus</strong></span> 
     </span>
    </p>

    <p class='ocr_par' dir='ltr' id='par_1_6' title="bbox 185 783 990 863">
     <span class='ocr_line' id='line_1_6' title="bbox 185 783 990 863; baseline -0.004 -17"><span class='ocrx_word' id='word_1_32' title='bbox 185 785 240 848; x_wconf 91' lang='lat' dir='ltr'><strong>sub</strong></span> <span class='ocrx_word' id='word_1_33' title='bbox 262 787 350 846; x_wconf 89' lang='lat' dir='ltr'><strong>terris</strong></span> <span class='ocrx_word' id='word_1_34' title='bbox 372 787 527 863; x_wconf 80' lang='lat' dir='ltr'><strong>posuitque</strong></span> <span class='ocrx_word' id='word_1_35' title='bbox 549 784 652 844; x_wconf 91' lang='lat' dir='ltr'><strong>domos</strong></span> <span class='ocrx_word' id='word_1_36' title='bbox 674 790 761 862; x_wconf 90' lang='lat' dir='ltr'><strong>atque</strong></span> <span class='ocrx_word' id='word_1_37' title='bbox 782 783 890 843; x_wconf 88' lang='lat' dir='ltr'><strong>horrea</strong></span> <span class='ocrx_word' id='word_1_38' title='bbox 912 783 990 853; x_wconf 91' lang='lat' dir='ltr'><strong>fecit,</strong></span> 
     </span>
    </p>

    <p class='ocr_par' dir='ltr' id='par_1_7' title="bbox 185 865 825 946">
     <span class='ocr_line' id='line_1_7' title="bbox 185 865 825 946; baseline -0.006 -15"><span class='ocrx_word' id='word_1_39' title='bbox 185 876 236 931; x_wconf 89' lang='lat' dir='ltr'><strong>aut</strong></span> <span class='ocrx_word' id='word_1_40' title='bbox 257 868 349 929; x_wconf 93' lang='lat' dir='ltr'><strong>oculis</strong></span> <span class='ocrx_word' id='word_1_41' title='bbox 372 872 449 946; x_wconf 89' lang='lat' dir='ltr'><strong>capti</strong></span> <span class='ocrx_word' id='word_1_42' title='bbox 470 867 571 928; x_wconf 88' lang='lat' dir='ltr'><strong>fodere</strong></span> <span class='ocrx_word' id='word_1_43' title='bbox 593 865 699 927; x_wconf 92' lang='lat' dir='ltr'><strong>cubilia</strong></span> <span class='ocrx_word' id='word_1_44' title='bbox 719 865 825 944; x_wconf 78' lang='lat' dir='ltr'><strong>talpae,</strong></span> 
     </span>
    </p>

    <p class='ocr_par' dir='ltr' id='par_1_8' title="bbox 184 949 982 1031">
     <span class='ocr_line' id='line_1_8' title="bbox 184 949 982 1031; baseline -0.004 -17"><span class='ocrx_word' id='word_1_45' title='bbox 184 955 376 1031; x_wconf 84' lang='lat' dir='ltr'><strong>inventusque</strong></span> <span class='ocrx_word' id='word_1_46' title='bbox 399 952 476 1011; x_wconf 83' lang='lat' dir='ltr'><strong>cavis</strong></span> <span class='ocrx_word' id='word_1_47' title='bbox 496 949 568 1011; x_wconf 94' lang='lat' dir='ltr'><strong>bufo</strong></span> <span class='ocrx_word' id='word_1_48' title='bbox 590 956 620 1010; x_wconf 88' lang='lat' dir='ltr'><strong>et</strong></span> <span class='ocrx_word' id='word_1_49' title='bbox 641 969 715 1029; x_wconf 89' lang='lat' dir='ltr'><strong>quae</strong></span> <span class='ocrx_word' id='word_1_50' title='bbox 736 950 862 1027; x_wconf 89' lang='lat' dir='ltr'><strong>plurima</strong></span> <span class='ocrx_word' id='word_1_51' title='bbox 883 956 982 1011; x_wconf 83' lang='lat' dir='ltr'><strong>terrae</strong></span> 
     </span>
    </p>

    <p class='ocr_par' dir='ltr' id='par_1_9' title="bbox 185 1033 1093 1112">
     <span class='ocr_line' id='line_1_9' title="bbox 185 1033 1093 1112; baseline 0 -15"><span class='ocrx_word' id='word_1_52' title='bbox 185 1043 316 1097; x_wconf 91' lang='lat' dir='ltr'><strong>monstra</strong></span> <span class='ocrx_word' id='word_1_53' title='bbox 339 1035 451 1103; x_wconf 87' lang='lat' dir='ltr'><strong>ferunt,</strong></span> <span class='ocrx_word' id='word_1_54' title='bbox 474 1033 653 1112; x_wconf 77' lang='lat' dir='ltr'>populatque</span> <span class='ocrx_word' id='word_1_55' title='bbox 673 1034 821 1110; x_wconf 83' lang='lat' dir='ltr'><strong>ingentem</strong></span> <span class='ocrx_word' id='word_1_56' title='bbox 843 1034 930 1093; x_wconf 92' lang='lat' dir='ltr'><strong>farris</strong></span> <span class='ocrx_word' id='word_1_57' title='bbox 949 1051 1093 1097; x_wconf 83' lang='lat' dir='ltr'><strong>acervom</strong></span> 
     </span>
    </p>

    <p class='ocr_par' dir='ltr' id='par_1_10' title="bbox 186 1117 988 1197">
     <span class='ocr_line' id='line_1_10' title="bbox 186 1117 988 1197; baseline -0.002 -17"><span class='ocrx_word' id='word_1_58' title='bbox 186 1118 316 1181; x_wconf 79' lang='lat' dir='ltr'>curculio</span> <span class='ocrx_word' id='word_1_59' title='bbox 338 1124 425 1197; x_wconf 90' lang='lat' dir='ltr'><strong>atque</strong></span> <span class='ocrx_word' id='word_1_60' title='bbox 446 1118 527 1195; x_wconf 93' lang='lat' dir='ltr'><strong>inopi</strong></span> <span class='ocrx_word' id='word_1_61' title='bbox 547 1124 679 1178; x_wconf 91' lang='lat' dir='ltr'><strong>metuens</strong></span> <span class='ocrx_word' id='word_1_62' title='bbox 701 1117 822 1177; x_wconf 76' lang='lat' dir='ltr'><strong>formica</strong></span> <span class='ocrx_word' id='word_1_63' title='bbox 844 1124 988 1178; x_wconf 77' lang='lat' dir='ltr'><strong>senectae.</strong></span> 
     </span>
    </p>

    <p class='ocr_par' dir='ltr' id='par_1_11' title="bbox 186 1199 979 1281">
     <span class='ocr_line' id='line_1_11' title="bbox 186 1199 979 1281; baseline -0.004 -18"><span class='ocrx_word' id='word_1_64' title='bbox 186 1203 398 1281; x_wconf 82' lang='lat' dir='ltr'><strong>contemplator</strong></span> <span class='ocrx_word' id='word_1_65' title='bbox 419 1203 503 1270; x_wconf 85' lang='lat' dir='ltr'><strong>item,</strong></span> <span class='ocrx_word' id='word_1_66' title='bbox 528 1218 595 1261; x_wconf 92' lang='lat' dir='ltr'><strong>cum</strong></span> <span class='ocrx_word' id='word_1_67' title='bbox 621 1217 681 1260; x_wconf 79' lang='lat' dir='ltr'><strong>nux</strong></span> <span class='ocrx_word' id='word_1_68' title='bbox 702 1217 735 1260; x_wconf 91' lang='lat' dir='ltr'><strong>se</strong></span> <span class='ocrx_word' id='word_1_69' title='bbox 752 1199 879 1277; x_wconf 90' lang='lat' dir='ltr'><strong>plurima</strong></span> <span class='ocrx_word' id='word_1_70' title='bbox 900 1199 979 1260; x_wconf 84' lang='lat' dir='ltr'><strong>silvis</strong></span> 
     </span>
    </p>

    <p class='ocr_par' dir='ltr' id='par_1_12' title="bbox 185 1282 924 1347">
     <span class='ocr_line' id='line_1_12' title="bbox 185 1282 924 1347; baseline -0.005 -1"><span class='ocrx_word' id='word_1_71' title='bbox 185 1286 288 1347; x_wconf 82' lang='lat' dir='ltr'><strong>induet</strong></span> <span class='ocrx_word' id='word_1_72' title='bbox 309 1287 339 1345; x_wconf 90' lang='lat' dir='ltr'><strong>in</strong></span> <span class='ocrx_word' id='word_1_73' title='bbox 361 1286 465 1346; x_wconf 92' lang='lat' dir='ltr'><strong>florem</strong></span> <span class='ocrx_word' id='word_1_74' title='bbox 487 1290 516 1346; x_wconf 90' lang='lat' dir='ltr'><strong>et</strong></span> <span class='ocrx_word' id='word_1_75' title='bbox 536 1302 635 1344; x_wconf 91' lang='lat' dir='ltr'><strong>ramos</strong></span> <span class='ocrx_word' id='word_1_76' title='bbox 657 1282 790 1344; x_wconf 83' lang='lat' dir='ltr'><strong>curvabit</strong></span> <span class='ocrx_word' id='word_1_77' title='bbox 812 1282 924 1344; x_wconf 89' lang='lat' dir='ltr'><strong>olentis.</strong></span> 
     </span>
    </p>

    <p class='ocr_par' dir='ltr' id='par_1_13' title="bbox 187 1367 978 1447">
     <span class='ocr_line' id='line_1_13' title="bbox 187 1367 978 1447; baseline -0.004 -18"><span class='ocrx_word' id='word_1_78' title='bbox 187 1371 211 1429; x_wconf 93' lang='lat' dir='ltr'><strong>si</strong></span> <span class='ocrx_word' id='word_1_79' title='bbox 234 1376 373 1447; x_wconf 89' lang='lat' dir='ltr'><strong>superant</strong></span> <span class='ocrx_word' id='word_1_80' title='bbox 395 1370 485 1439; x_wconf 86' lang='lat' dir='ltr'><strong>fetus,</strong></span> <span class='ocrx_word' id='word_1_81' title='bbox 507 1370 618 1446; x_wconf 88' lang='lat' dir='ltr'><strong>pariter</strong></span> <span class='ocrx_word' id='word_1_82' title='bbox 640 1367 787 1427; x_wconf 90' lang='lat' dir='ltr'><strong>frumenta</strong></span> <span class='ocrx_word' id='word_1_83' title='bbox 809 1373 978 1445; x_wconf 85' lang='lat' dir='ltr'><strong>sequentur,</strong></span> 
     </span>
    </p>

    <p class='ocr_par' dir='ltr' id='par_1_14' title="bbox 187 1450 945 1530">
     <span class='ocr_line' id='line_1_14' title="bbox 187 1450 945 1530; baseline -0.005 -16"><span class='ocrx_word' id='word_1_84' title='bbox 187 1469 350 1530; x_wconf 80' lang='lat' dir='ltr'><strong>magnaque</strong></span> <span class='ocrx_word' id='word_1_85' title='bbox 373 1470 441 1513; x_wconf 88' lang='lat' dir='ltr'><strong>curn</strong></span> <span class='ocrx_word' id='word_1_86' title='bbox 462 1469 568 1530; x_wconf 83' lang='lat' dir='ltr'><strong>magno</strong></span> <span class='ocrx_word' id='word_1_87' title='bbox 592 1451 686 1510; x_wconf 86' lang='lat' dir='ltr'><strong>veniet</strong></span> <span class='ocrx_word' id='word_1_88' title='bbox 706 1451 811 1510; x_wconf 87' lang='lat' dir='ltr'><strong>tritura</strong></span> <span class='ocrx_word' id='word_1_89' title='bbox 833 1450 945 1517; x_wconf 81' lang='lat' dir='ltr'><strong>calore:</strong></span> 
     </span>
    </p>

    <p class='ocr_par' dir='ltr' id='par_1_15' title="bbox 187 1533 859 1602">
     <span class='ocr_line' id='line_1_15' title="bbox 187 1533 859 1602; baseline 0 -8"><span class='ocrx_word' id='word_1_90' title='bbox 187 1543 216 1595; x_wconf 90' lang='lat' dir='ltr'><strong>at</strong></span> <span class='ocrx_word' id='word_1_91' title='bbox 237 1536 262 1594; x_wconf 93' lang='lat' dir='ltr'><strong>si</strong></span> <span class='ocrx_word' id='word_1_92' title='bbox 283 1535 399 1595; x_wconf 80' lang='lat' dir='ltr'><strong>luxuria</strong></span> <span class='ocrx_word' id='word_1_93' title='bbox 421 1534 558 1595; x_wconf 88' lang='lat' dir='ltr'><strong>foliorum</strong></span> <span class='ocrx_word' id='word_1_94' title='bbox 581 1533 723 1594; x_wconf 78' lang='lat' dir='ltr'><strong>exuberat</strong></span> <span class='ocrx_word' id='word_1_95' title='bbox 743 1533 859 1602; x_wconf 90' lang='lat' dir='ltr'><strong>umbra,</strong></span> 
     </span>
    </p>

    <p class='ocr_par' dir='ltr' id='par_1_16' title="bbox 187 1615 937 1697">
     <span class='ocr_line' id='line_1_16' title="bbox 187 1615 937 1697; baseline -0.003 -19"><span class='ocrx_word' id='word_1_96' title='bbox 187 1619 364 1697; x_wconf 86' lang='lat' dir='ltr'><strong>nequiquam</strong></span> <span class='ocrx_word' id='word_1_97' title='bbox 385 1618 501 1695; x_wconf 85' lang='lat' dir='ltr'><strong>pinguis</strong></span> <span class='ocrx_word' id='word_1_98' title='bbox 523 1616 606 1695; x_wconf 93' lang='lat' dir='ltr'><strong>palea</strong></span> <span class='ocrx_word' id='word_1_99' title='bbox 627 1623 704 1677; x_wconf 86' lang='lat' dir='ltr'><strong>leret</strong></span> <span class='ocrx_word' id='word_1_100' title='bbox 725 1635 793 1677; x_wconf 90' lang='lat' dir='ltr'><strong>area</strong></span> <span class='ocrx_word' id='word_1_101' title='bbox 816 1615 937 1676; x_wconf 89' lang='lat' dir='ltr'><strong>culmos.</strong></span> 
     </span>
    </p>

    <p class='ocr_par' dir='ltr' id='par_1_17' title="bbox 187 1699 993 1778">
     <span class='ocr_line' id='line_1_17' title="bbox 187 1699 993 1778; baseline -0.002 -16"><span class='ocrx_word' id='word_1_102' title='bbox 187 1703 298 1762; x_wconf 85' lang='lat' dir='ltr'><strong>semina</strong></span> <span class='ocrx_word' id='word_1_103' title='bbox 319 1701 377 1760; x_wconf 87' lang='lat' dir='ltr'><strong>vidi</strong></span> <span class='ocrx_word' id='word_1_104' title='bbox 400 1700 534 1778; x_wconf 85' lang='lat' dir='ltr'><strong>equidem</strong></span> <span class='ocrx_word' id='word_1_105' title='bbox 555 1699 661 1760; x_wconf 88' lang='lat' dir='ltr'><strong>multos</strong></span> <span class='ocrx_word' id='word_1_106' title='bbox 682 1700 831 1760; x_wconf 88' lang='lat' dir='ltr'><strong>medicare</strong></span> <span class='ocrx_word' id='word_1_107' title='bbox 853 1705 993 1770; x_wconf 86' lang='lat' dir='ltr'><strong>serentes,</strong></span> 
     </span>
    </p>

    <p class='ocr_par' dir='ltr' id='par_1_18' title="bbox 189 1783 927 1862">
     <span class='ocr_line' id='line_1_18' title="bbox 189 1783 927 1862; baseline -0.003 -18"><span class='ocrx_word' id='word_1_108' title='bbox 189 1791 218 1844; x_wconf 87' lang='lat' dir='ltr'><strong>el</strong></span> <span class='ocrx_word' id='word_1_109' title='bbox 240 1786 316 1844; x_wconf 89' lang='lat' dir='ltr'><strong>nitro</strong></span> <span class='ocrx_word' id='word_1_110' title='bbox 338 1786 421 1862; x_wconf 90' lang='lat' dir='ltr'><strong>prius</strong></span> <span class='ocrx_word' id='word_1_111' title='bbox 444 1792 472 1842; x_wconf 93' lang='lat' dir='ltr'><strong>et</strong></span> <span class='ocrx_word' id='word_1_112' title='bbox 493 1784 577 1860; x_wconf 86' lang='lat' dir='ltr'><strong>nigra</strong></span> <span class='ocrx_word' id='word_1_113' title='bbox 598 1783 776 1860; x_wconf 87' lang='lat' dir='ltr'><strong>perfundere</strong></span> <span class='ocrx_word' id='word_1_114' title='bbox 798 1801 927 1851; x_wconf 88' lang='lat' dir='ltr'><strong>amurca,</strong></span> 
     </span>
    </p>

    <p class='ocr_par' dir='ltr' id='par_1_19' title="bbox 188 1861 890 1946">
     <span class='ocr_line' id='line_1_19' title="bbox 188 1861 890 1946; baseline -0.006 -18"><span class='ocrx_word' id='word_1_115' title='bbox 188 1861 328 1944; x_wconf 58' lang='lat' dir='ltr'><strong>grandior</strong></span> <span class='ocrx_word' id='word_1_116' title='bbox 349 1874 382 1928; x_wconf 93' lang='lat' dir='ltr'><strong>ut</strong></span> <span class='ocrx_word' id='word_1_117' title='bbox 404 1868 480 1927; x_wconf 91' lang='lat' dir='ltr'><strong>fetus</strong></span> <span class='ocrx_word' id='word_1_118' title='bbox 501 1865 611 1946; x_wconf 78' lang='lat' dir='ltr'><strong>siliquis</strong></span> <span class='ocrx_word' id='word_1_119' title='bbox 633 1865 784 1926; x_wconf 82' lang='lat' dir='ltr'><strong>fallacibus</strong></span> <span class='ocrx_word' id='word_1_120' title='bbox 806 1873 890 1934; x_wconf 88' lang='lat' dir='ltr'><strong>esset,</strong></span> 
     </span>
    </p>

    <p class='ocr_par' dir='ltr' id='par_1_20' title="bbox 189 1949 941 2030">
     <span class='ocr_line' id='line_1_20' title="bbox 189 1949 941 2030; baseline -0.005 -19"><span class='ocrx_word' id='word_1_121' title='bbox 189 1957 218 2011; x_wconf 88' lang='lat' dir='ltr'><strong>et</strong></span> <span class='ocrx_word' id='word_1_122' title='bbox 240 1952 370 2030; x_wconf 88' lang='lat' dir='ltr'><strong>quamvis</strong></span> <span class='ocrx_word' id='word_1_123' title='bbox 391 1952 452 2029; x_wconf 80' lang='lat' dir='ltr'><strong>igni</strong></span> <span class='ocrx_word' id='word_1_124' title='bbox 474 1952 579 2028; x_wconf 86' lang='lat' dir='ltr'><strong>exiguo</strong></span> <span class='ocrx_word' id='word_1_125' title='bbox 601 1955 758 2028; x_wconf 88' lang='lat' dir='ltr'><strong>properata</strong></span> <span class='ocrx_word' id='word_1_126' title='bbox 780 1949 941 2010; x_wconf 87' lang='lat' dir='ltr'><strong>maderent.</strong></span> 
     </span>
    </p>

    <p class='ocr_par' dir='ltr' id='par_1_21' title="bbox 189 2032 853 2110">
     <span class='ocr_line' id='line_1_21' title="bbox 189 2032 853 2110; baseline 0 -19"><span class='ocrx_word' id='word_1_127' title='bbox 189 2034 247 2093; x_wconf 84' lang='lat' dir='ltr'><strong>vidi</strong></span> <span class='ocrx_word' id='word_1_128' title='bbox 267 2034 342 2095; x_wconf 90' lang='lat' dir='ltr'><strong>lecta</strong></span> <span class='ocrx_word' id='word_1_129' title='bbox 365 2035 414 2095; x_wconf 89' lang='lat' dir='ltr'><strong>diu</strong></span> <span class='ocrx_word' id='word_1_130' title='bbox 437 2040 466 2094; x_wconf 88' lang='lat' dir='ltr'><strong>et</strong></span> <span class='ocrx_word' id='word_1_131' title='bbox 487 2033 579 2094; x_wconf 85' lang='lat' dir='ltr'><strong>multo</strong></span> <span class='ocrx_word' id='word_1_132' title='bbox 601 2039 730 2110; x_wconf 89' lang='lat' dir='ltr'><strong>spectata</strong></span> <span class='ocrx_word' id='word_1_133' title='bbox 751 2032 853 2092; x_wconf 94' lang='lat' dir='ltr'><strong>labore</strong></span> 
     </span>
    </p>

    <p class='ocr_par' dir='ltr' id='par_1_22' title="bbox 189 2116 949 2194">
     <span class='ocr_line' id='line_1_22' title="bbox 189 2116 949 2194; baseline -0.003 -18"><span class='ocrx_word' id='word_1_134' title='bbox 189 2116 370 2194; x_wconf 81' lang='lat' dir='ltr'><strong>degenerare</strong></span> <span class='ocrx_word' id='word_1_135' title='bbox 392 2125 504 2188; x_wconf 91' lang='lat' dir='ltr'><strong>tamen,</strong></span> <span class='ocrx_word' id='word_1_136' title='bbox 526 2119 557 2191; x_wconf 84' lang='lat' dir='ltr'><strong>pi</strong></span> <span class='ocrx_word' id='word_1_137' title='bbox 578 2118 621 2177; x_wconf 82' lang='lat' dir='ltr'><strong>vis</strong></span> <span class='ocrx_word' id='word_1_138' title='bbox 643 2117 770 2176; x_wconf 92' lang='lat' dir='ltr'><strong>humana</strong></span> <span class='ocrx_word' id='word_1_139' title='bbox 794 2116 949 2193; x_wconf 86' lang='lat' dir='ltr'><strong>quotannis</strong></span> 
     </span>
    </p>

    <p class='ocr_par' dir='ltr' id='par_1_23' title="bbox 188 2197 1012 2281">
     <span class='ocr_line' id='line_1_23' title="bbox 188 2197 1012 2281; baseline 0 -23"><span class='ocrx_word' id='word_1_140' title='bbox 188 2201 314 2260; x_wconf 85' lang='lat' dir='ltr'><strong>maxima</strong></span> <span class='ocrx_word' id='word_1_141' title='bbox 337 2220 471 2281; x_wconf 88' lang='lat' dir='ltr'><strong>quaeque</strong></span> <span class='ocrx_word' id='word_1_142' title='bbox 493 2219 582 2262; x_wconf 92' lang='lat' dir='ltr'><strong>mauu</strong></span> <span class='ocrx_word' id='word_1_143' title='bbox 603 2200 724 2277; x_wconf 80' lang='lat' dir='ltr'><strong>legeret.</strong></span> <span class='ocrx_word' id='word_1_144' title='bbox 762 2199 804 2258; x_wconf 92' lang='lat' dir='ltr'><strong>sic</strong></span> <span class='ocrx_word' id='word_1_145' title='bbox 826 2199 923 2258; x_wconf 89' lang='lat' dir='ltr'><strong>omnia</strong></span> <span class='ocrx_word' id='word_1_146' title='bbox 946 2197 1012 2258; x_wconf 87' lang='lat' dir='ltr'><strong>fatis</strong></span> 
     </span>
    </p>

    <p class='ocr_par' dir='ltr' id='par_1_24' title="bbox 190 2281 891 2360">
     <span class='ocr_line' id='line_1_24' title="bbox 190 2281 891 2360; baseline 0.001 -19"><span class='ocrx_word' id='word_1_147' title='bbox 190 2283 220 2341; x_wconf 91' lang='lat' dir='ltr'><strong>in</strong></span> <span class='ocrx_word' id='word_1_148' title='bbox 242 2285 327 2359; x_wconf 90' lang='lat' dir='ltr'><strong>peius</strong></span> <span class='ocrx_word' id='word_1_149' title='bbox 348 2302 436 2345; x_wconf 91' lang='lat' dir='ltr'><strong>ruere</strong></span> <span class='ocrx_word' id='word_1_150' title='bbox 457 2302 492 2344; x_wconf 93' lang='lat' dir='ltr'><strong>ac</strong></span> <span class='ocrx_word' id='word_1_151' title='bbox 513 2291 595 2344; x_wconf 88' lang='lat' dir='ltr'><strong>retro</strong></span> <span class='ocrx_word' id='word_1_152' title='bbox 617 2281 754 2360; x_wconf 90' lang='lat' dir='ltr'><strong>sublapsa</strong></span> <span class='ocrx_word' id='word_1_153' title='bbox 775 2282 891 2350; x_wconf 90' lang='lat' dir='ltr'><strong>referri,</strong></span> 
     </span>
    </p>

    <p class='ocr_par' dir='ltr' id='par_1_25' title="bbox 190 2361 1041 2444">
     <span class='ocr_line' id='line_1_25' title="bbox 190 2361 1041 2444; baseline 0.002 -21"><span class='ocrx_word' id='word_1_154' title='bbox 190 2382 248 2424; x_wconf 91' lang='lat' dir='ltr'><strong>non</strong></span> <span class='ocrx_word' id='word_1_155' title='bbox 271 2365 353 2426; x_wconf 92' lang='lat' dir='ltr'><strong>aliter</strong></span> <span class='ocrx_word' id='word_1_156' title='bbox 376 2385 463 2444; x_wconf 93' lang='lat' dir='ltr'><strong>quam</strong></span> <span class='ocrx_word' id='word_1_157' title='bbox 485 2367 534 2444; x_wconf 93' lang='lat' dir='ltr'><strong>qui</strong></span> <span class='ocrx_word' id='word_1_158' title='bbox 556 2367 679 2426; x_wconf 85' lang='lat' dir='ltr'><strong>adverso</strong></span> <span class='ocrx_word' id='word_1_159' title='bbox 700 2366 748 2425; x_wconf 81' lang='lat' dir='ltr'><strong>vix</strong></span> <span class='ocrx_word' id='word_1_160' title='bbox 768 2364 889 2425; x_wconf 89' lang='lat' dir='ltr'><strong>flumine</strong></span> <span class='ocrx_word' id='word_1_161' title='bbox 908 2361 1041 2425; x_wconf 88' lang='lat' dir='ltr'><strong>lembum</strong></span> 
     </span>
    </p>

    <p class='ocr_par' dir='ltr' id='par_1_26' title="bbox 189 2448 914 2527">
     <span class='ocr_line' id='line_1_26' title="bbox 189 2448 914 2527; baseline -0.001 -21"><span class='ocrx_word' id='word_1_162' title='bbox 189 2448 318 2525; x_wconf 81' lang='lat' dir='ltr'><strong>remigiis</strong></span> <span class='ocrx_word' id='word_1_163' title='bbox 340 2449 465 2527; x_wconf 74' lang='lat' dir='ltr'><strong>subigit,</strong></span> <span class='ocrx_word' id='word_1_164' title='bbox 491 2451 515 2507; x_wconf 91' lang='lat' dir='ltr'><strong>si</strong></span> <span class='ocrx_word' id='word_1_165' title='bbox 537 2449 675 2508; x_wconf 89' lang='lat' dir='ltr'><strong>bracchia</strong></span> <span class='ocrx_word' id='word_1_166' title='bbox 698 2448 773 2508; x_wconf 92' lang='lat' dir='ltr'><strong>forte</strong></span> <span class='ocrx_word' id='word_1_167' title='bbox 794 2448 914 2516; x_wconf 86' lang='lat' dir='ltr'><strong>remisit,</strong></span> 
     </span>
    </p>

    <p class='ocr_par' dir='ltr' id='par_1_27' title="bbox 191 2529 987 2675">
     <span class='ocr_line' id='line_1_27' title="bbox 191 2529 987 2609; baseline 0 -19"><span class='ocrx_word' id='word_1_168' title='bbox 191 2535 278 2609; x_wconf 88' lang='lat' dir='ltr'><strong>alque</strong></span> <span class='ocrx_word' id='word_1_169' title='bbox 298 2529 380 2590; x_wconf 92' lang='lat' dir='ltr'><strong>illum</strong></span> <span class='ocrx_word' id='word_1_170' title='bbox 402 2548 544 2609; x_wconf 89' lang='lat' dir='ltr'><strong>praeceps</strong></span> <span class='ocrx_word' id='word_1_171' title='bbox 564 2547 660 2608; x_wconf 94' lang='lat' dir='ltr'><strong>prono</strong></span> <span class='ocrx_word' id='word_1_172' title='bbox 682 2533 758 2609; x_wconf 85' lang='lat' dir='ltr'><strong>rapit</strong></span> <span class='ocrx_word' id='word_1_173' title='bbox 780 2530 878 2592; x_wconf 83' lang='lat' dir='ltr'><strong>alveus</strong></span> <span class='ocrx_word' id='word_1_174' title='bbox 900 2532 987 2591; x_wconf 90' lang='lat' dir='ltr'><strong>amni.</strong></span> 
     </span>
     <span class='ocr_line' id='line_1_28' title="bbox 230 2614 913 2675; baseline 0 -2"><span class='ocrx_word' id='word_1_175' title='bbox 230 2614 388 2674; x_wconf 89' lang='lat' dir='ltr'><strong>Praeterea</strong></span> <span class='ocrx_word' id='word_1_176' title='bbox 411 2621 469 2673; x_wconf 93' lang='lat' dir='ltr'><strong>tam</strong></span> <span class='ocrx_word' id='word_1_177' title='bbox 491 2619 560 2672; x_wconf 91' lang='lat' dir='ltr'><strong>sunt</strong></span> <span class='ocrx_word' id='word_1_178' title='bbox 581 2615 689 2673; x_wconf 91' lang='lat' dir='ltr'><strong>arcturi</strong></span> <span class='ocrx_word' id='word_1_179' title='bbox 711 2614 807 2675; x_wconf 86' lang='lat' dir='ltr'><strong>sidera</strong></span> <span class='ocrx_word' id='word_1_180' title='bbox 828 2614 913 2674; x_wconf 92' lang='lat' dir='ltr'><strong>nobis</strong></span> 
     </span>
    </p>

    <p class='ocr_par' dir='ltr' id='par_1_28' title="bbox 190 2696 970 2774">
     <span class='ocr_line' id='line_1_29' title="bbox 190 2696 970 2774; baseline 0.001 -19"><span class='ocrx_word' id='word_1_181' title='bbox 190 2696 411 2774; x_wconf 85' lang='lat' dir='ltr'><strong>haedorumque</strong></span> <span class='ocrx_word' id='word_1_182' title='bbox 434 2696 495 2756; x_wconf 88' lang='lat' dir='ltr'><strong>dios</strong></span> <span class='ocrx_word' id='word_1_183' title='bbox 516 2696 650 2756; x_wconf 78' lang='lat' dir='ltr'><strong>servandi</strong></span> <span class='ocrx_word' id='word_1_184' title='bbox 673 2703 701 2757; x_wconf 94' lang='lat' dir='ltr'><strong>et</strong></span> <span class='ocrx_word' id='word_1_185' title='bbox 721 2697 836 2758; x_wconf 88' lang='lat' dir='ltr'><strong>lucidus</strong></span> <span class='ocrx_word' id='word_1_186' title='bbox 858 2697 970 2774; x_wconf 82' lang='lat' dir='ltr'><strong>anguis,</strong></span> 
     </span>
    </p>

    <p class='ocr_par' dir='ltr' id='par_1_29' title="bbox 191 2779 1098 2858">
     <span class='ocr_line' id='line_1_30' title="bbox 191 2779 1098 2858; baseline 0.001 -19"><span class='ocrx_word' id='word_1_187' title='bbox 191 2797 279 2858; x_wconf 91' lang='lat' dir='ltr'><strong>quam</strong></span> <span class='ocrx_word' id='word_1_188' title='bbox 302 2779 407 2856; x_wconf 91' lang='lat' dir='ltr'><strong>quibus</strong></span> <span class='ocrx_word' id='word_1_189' title='bbox 428 2779 459 2837; x_wconf 90' lang='lat' dir='ltr'><strong>in</strong></span> <span class='ocrx_word' id='word_1_190' title='bbox 480 2781 604 2856; x_wconf 92' lang='lat' dir='ltr'><strong>patriam</strong></span> <span class='ocrx_word' id='word_1_191' title='bbox 625 2786 745 2841; x_wconf 82' lang='lat' dir='ltr'><strong>ventosa</strong></span> <span class='ocrx_word' id='word_1_192' title='bbox 766 2798 820 2857; x_wconf 89' lang='lat' dir='ltr'><strong>per</strong></span> <span class='ocrx_word' id='word_1_193' title='bbox 841 2796 969 2857; x_wconf 90' lang='lat' dir='ltr'><strong>aequora</strong></span> <span class='ocrx_word' id='word_1_194' title='bbox 991 2781 1098 2840; x_wconf 73' lang='lat' dir='ltr'><strong>vectis¹</strong></span> 
     </span>
    </p>

    <p class='ocr_par' dir='ltr' id='par_1_30' title="bbox 189 2861 941 2942">
     <span class='ocr_line' id='line_1_31' title="bbox 189 2861 941 2942; baseline 0.001 -22"><span class='ocrx_word' id='word_1_195' title='bbox 189 2869 296 2939; x_wconf 88' lang='lat' dir='ltr'><strong>pontus</strong></span> <span class='ocrx_word' id='word_1_196' title='bbox 319 2868 347 2920; x_wconf 93' lang='lat' dir='ltr'><strong>et</strong></span> <span class='ocrx_word' id='word_1_197' title='bbox 368 2861 496 2922; x_wconf 90' lang='lat' dir='ltr'><strong>ostriferi</strong></span> <span class='ocrx_word' id='word_1_198' title='bbox 517 2862 616 2923; x_wconf 89' lang='lat' dir='ltr'><strong>fauces</strong></span> <span class='ocrx_word' id='word_1_199' title='bbox 637 2870 818 2942; x_wconf 89' lang='lat' dir='ltr'><strong>temptantur</strong></span> <span class='ocrx_word' id='word_1_200' title='bbox 839 2863 941 2942; x_wconf 79' lang='lat' dir='ltr'><strong>Abydi.</strong></span> 
     </span>
    </p>

    <p class='ocr_par' dir='ltr' id='par_1_31' title="bbox 190 2942 929 3024">
     <span class='ocr_line' id='line_1_32' title="bbox 190 2942 929 3024; baseline 0.003 -20"><span class='ocrx_word' id='word_1_201' title='bbox 190 2942 265 3005; x_wconf 91' lang='lat' dir='ltr'><strong>libra</strong></span> <span class='ocrx_word' id='word_1_202' title='bbox 287 2944 333 3004; x_wconf 88' lang='lat' dir='ltr'><strong>die</strong></span> <span class='ocrx_word' id='word_1_203' title='bbox 355 2945 508 3022; x_wconf 90' lang='lat' dir='ltr'><strong>somnique</strong></span> <span class='ocrx_word' id='word_1_204' title='bbox 528 2962 615 3024; x_wconf 89' lang='lat' dir='ltr'><strong>pares</strong></span> <span class='ocrx_word' id='word_1_205' title='bbox 636 2946 687 3007; x_wconf 93' lang='lat' dir='ltr'><strong>ubi</strong></span> <span class='ocrx_word' id='word_1_206' title='bbox 709 2948 811 3007; x_wconf 83' lang='lat' dir='ltr'><strong>fecerit</strong></span> <span class='ocrx_word' id='word_1_207' title='bbox 830 2947 929 3016; x_wconf 91' lang='lat' dir='ltr'><strong>horas,</strong></span> 
     </span>
    </p>

    <p class='ocr_par' dir='ltr' id='par_1_32' title="bbox 191 3027 1032 3107">
     <span class='ocr_line' id='line_1_33' title="bbox 191 3027 1032 3107; baseline 0.001 -21"><span class='ocrx_word' id='word_1_208' title='bbox 191 3034 220 3087; x_wconf 87' lang='lat' dir='ltr'><strong>et</strong></span> <span class='ocrx_word' id='word_1_209' title='bbox 241 3028 369 3088; x_wconf 91' lang='lat' dir='ltr'><strong>medium</strong></span> <span class='ocrx_word' id='word_1_210' title='bbox 391 3028 449 3089; x_wconf 91' lang='lat' dir='ltr'><strong>luci</strong></span> <span class='ocrx_word' id='word_1_211' title='bbox 470 3036 557 3107; x_wconf 83' lang='lat' dir='ltr'><strong>atque</strong></span> <span class='ocrx_word' id='word_1_212' title='bbox 578 3030 691 3091; x_wconf 91' lang='lat' dir='ltr'><strong>umbris</strong></span> <span class='ocrx_word' id='word_1_213' title='bbox 712 3029 769 3090; x_wconf 92' lang='lat' dir='ltr'><strong>iam</strong></span> <span class='ocrx_word' id='word_1_214' title='bbox 791 3030 891 3090; x_wconf 86' lang='lat' dir='ltr'><strong>dividit</strong></span> <span class='ocrx_word' id='word_1_215' title='bbox 912 3027 1032 3088; x_wconf 90' lang='lat' dir='ltr'><strong>orbem:</strong></span> 
     </span>
    </p>

    <p class='ocr_par' dir='ltr' id='par_1_33' title="bbox 191 3112 944 3191">
     <span class='ocr_line' id='line_1_34' title="bbox 191 3112 944 3191; baseline 0 -21"><span class='ocrx_word' id='word_1_216' title='bbox 191 3117 340 3180; x_wconf 82' lang='lat' dir='ltr'><strong>exercete,</strong></span> <span class='ocrx_word' id='word_1_217' title='bbox 363 3113 431 3181; x_wconf 86' lang='lat' dir='ltr'><strong>viri,</strong></span> <span class='ocrx_word' id='word_1_218' title='bbox 453 3120 569 3183; x_wconf 88' lang='lat' dir='ltr'><strong>tauros,</strong></span> <span class='ocrx_word' id='word_1_219' title='bbox 592 3114 680 3173; x_wconf 88' lang='lat' dir='ltr'><strong>serite</strong></span> <span class='ocrx_word' id='word_1_220' title='bbox 701 3112 812 3173; x_wconf 91' lang='lat' dir='ltr'><strong>hordea</strong></span> <span class='ocrx_word' id='word_1_221' title='bbox 834 3115 944 3191; x_wconf 92' lang='lat' dir='ltr'><strong>campis</strong></span> 
     </span>
    </p>

    <p class='ocr_par' dir='ltr' id='par_1_34' title="bbox 191 3193 1065 3273">
     <span class='ocr_line' id='line_1_35' title="bbox 191 3193 1065 3273; baseline -0.001 -20"><span class='ocrx_word' id='word_1_222' title='bbox 191 3211 284 3273; x_wconf 91' lang='lat' dir='ltr'><strong>usque</strong></span> <span class='ocrx_word' id='word_1_223' title='bbox 306 3194 360 3254; x_wconf 92' lang='lat' dir='ltr'><strong>sub</strong></span> <span class='ocrx_word' id='word_1_224' title='bbox 383 3202 547 3257; x_wconf 83' lang='lat' dir='ltr'><strong>extremum</strong></span> <span class='ocrx_word' id='word_1_225' title='bbox 567 3195 690 3256; x_wconf 91' lang='lat' dir='ltr'><strong>brumae</strong></span> <span class='ocrx_word' id='word_1_226' title='bbox 711 3194 901 3256; x_wconf 89' lang='lat' dir='ltr'><strong>intractabilis</strong></span> <span class='ocrx_word' id='word_1_227' title='bbox 922 3193 1065 3261; x_wconf 88' lang='lat' dir='ltr'><strong>imbrem;</strong></span> 
     </span>
    </p>

    <p class='ocr_par' dir='ltr' id='par_1_35' title="bbox 190 3277 940 3356">
     <span class='ocr_line' id='line_1_36' title="bbox 190 3277 940 3356; baseline 0.003 -21"><span class='ocrx_word' id='word_1_228' title='bbox 190 3293 246 3337; x_wconf 88' lang='lat' dir='ltr'><strong>nec</strong></span> <span class='ocrx_word' id='word_1_229' title='bbox 267 3294 327 3336; x_wconf 92' lang='lat' dir='ltr'><strong>non</strong></span> <span class='ocrx_word' id='word_1_230' title='bbox 350 3283 379 3337; x_wconf 89' lang='lat' dir='ltr'><strong>et</strong></span> <span class='ocrx_word' id='word_1_231' title='bbox 398 3277 449 3338; x_wconf 92' lang='lat' dir='ltr'><strong>lini</strong></span> <span class='ocrx_word' id='word_1_232' title='bbox 472 3284 600 3354; x_wconf 78' lang='lat' dir='ltr'><strong>segetem</strong></span> <span class='ocrx_word' id='word_1_233' title='bbox 623 3285 652 3339; x_wconf 85' lang='lat' dir='ltr'><strong>et</strong></span> <span class='ocrx_word' id='word_1_234' title='bbox 673 3278 792 3339; x_wconf 84' lang='lat' dir='ltr'><strong>Cereale</strong></span> <span class='ocrx_word' id='word_1_235' title='bbox 813 3296 940 3356; x_wconf 84' lang='lat' dir='ltr'><strong>papaver</strong></span> 
     </span>
    </p>

    <p class='ocr_par' dir='ltr' id='par_1_36' title="bbox 190 3360 1101 3439">
     <span class='ocr_line' id='line_1_37' title="bbox 190 3360 1101 3439; baseline -0.004 -19"><span class='ocrx_word' id='word_1_236' title='bbox 190 3365 307 3439; x_wconf 90' lang='lat' dir='ltr'><strong>tempus</strong></span> <span class='ocrx_word' id='word_1_237' title='bbox 328 3360 418 3420; x_wconf 92' lang='lat' dir='ltr'><strong>humo</strong></span> <span class='ocrx_word' id='word_1_238' title='bbox 439 3368 540 3439; x_wconf 80' lang='lat' dir='ltr'><strong>tegere</strong></span> <span class='ocrx_word' id='word_1_239' title='bbox 563 3369 590 3422; x_wconf 90' lang='lat' dir='ltr'><strong>et</strong></span> <span class='ocrx_word' id='word_1_240' title='bbox 612 3363 770 3423; x_wconf 91' lang='lat' dir='ltr'><strong>iandudum</strong></span> <span class='ocrx_word' id='word_1_241' title='bbox 791 3360 963 3422; x_wconf 90' lang='lat' dir='ltr'><strong>incumbere</strong></span> <span class='ocrx_word' id='word_1_242' title='bbox 985 3364 1101 3430; x_wconf 83' lang='lat' dir='ltr'><strong>aratris,</strong></span> 
     </span>
    </p>

    <p class='ocr_par' dir='ltr' id='par_1_37' title="bbox 191 3443 960 3522">
     <span class='ocr_line' id='line_1_38' title="bbox 191 3443 960 3522; baseline 0.001 -19"><span class='ocrx_word' id='word_1_243' title='bbox 191 3443 262 3504; x_wconf 90' lang='lat' dir='ltr'><strong>dum</strong></span> <span class='ocrx_word' id='word_1_244' title='bbox 283 3444 359 3504; x_wconf 91' lang='lat' dir='ltr'><strong>sicca</strong></span> <span class='ocrx_word' id='word_1_245' title='bbox 381 3443 486 3506; x_wconf 88' lang='lat' dir='ltr'><strong>tellure</strong></span> <span class='ocrx_word' id='word_1_246' title='bbox 506 3445 587 3515; x_wconf 85' lang='lat' dir='ltr'><strong>licet,</strong></span> <span class='ocrx_word' id='word_1_247' title='bbox 611 3448 680 3509; x_wconf 91' lang='lat' dir='ltr'><strong>dum</strong></span> <span class='ocrx_word' id='word_1_248' title='bbox 702 3444 801 3506; x_wconf 92' lang='lat' dir='ltr'><strong>nubila</strong></span> <span class='ocrx_word' id='word_1_249' title='bbox 822 3445 960 3522; x_wconf 84' lang='lat' dir='ltr'><strong>pendent.</strong></span> 
     </span>
    </p>

    <p class='ocr_par' dir='ltr' id='par_1_38' title="bbox 191 3527 1078 3609">
     <span class='ocr_line' id='line_1_39' title="bbox 191 3527 1078 3609; baseline -0.005 -21"><span class='ocrx_word' id='word_1_250' title='bbox 191 3545 259 3588; x_wconf 85' lang='lat' dir='ltr'><strong>rere</strong></span> <span class='ocrx_word' id='word_1_251' title='bbox 281 3527 354 3588; x_wconf 90' lang='lat' dir='ltr'><strong>fabis</strong></span> <span class='ocrx_word' id='word_1_252' title='bbox 376 3530 462 3597; x_wconf 89' lang='lat' dir='ltr'><strong>satio;</strong></span> <span class='ocrx_word' id='word_1_253' title='bbox 490 3535 552 3590; x_wconf 90' lang='lat' dir='ltr'><strong>turn</strong></span> <span class='ocrx_word' id='word_1_254' title='bbox 574 3537 603 3590; x_wconf 91' lang='lat' dir='ltr'><strong>te</strong></span> <span class='ocrx_word' id='word_1_255' title='bbox 625 3546 755 3609; x_wconf 91' lang='lat' dir='ltr'><strong>quoque,</strong></span> <span class='ocrx_word' id='word_1_256' title='bbox 778 3528 905 3598; x_wconf 90' lang='lat' dir='ltr'><strong>medica,</strong></span> <span class='ocrx_word' id='word_1_257' title='bbox 928 3535 1030 3606; x_wconf 88' lang='lat' dir='ltr'><strong>putres</strong></span> <span class='ocrx_word' id='word_1_258' title='bbox 1064 3552 1078 3570; x_wconf 47' lang='grc' dir='ltr'>κ</span> 
     </span>
    </p>
   </div>
   <div class='ocr_carea' id='block_1_3' title="bbox 0 0 1269 4096">
    <p class='ocr_par' dir='ltr' id='par_1_39' title="bbox 0 0 1269 4096">
     <span class='ocr_line' id='line_1_40' title="bbox 0 0 1269 4096; baseline 0 0"><span class='ocrx_word' id='word_1_259' title='bbox 0 0 1269 4096; x_wconf 95' lang='lat' dir='ltr'><strong> </strong></span> 
     </span>
    </p>
   </div>
  </div>
 </body>
</html>
