2512 4096
166 273 227 335 336
479 281 620 327 vuumm
643 279 768 326 nuruis
791 280 842 326 xu

166 456 254 517 quam
272 443 394 516 propter
412 446 506 495 untos
525 435 606 512 potui
626 436 759 513 perferre
780 433 907 503 labores,

166 531 196 583 ct
218 529 302 598 pater
324 521 508 595 omnipotens
529 527 558 578 et
578 525 610 578 tu
632 516 767 577 Saturnia
789 518 917 578 coniunx

166 603 234 682 (um
253 602 367 670 melior,
388 603 454 670 iam,
477 602 551 669 diva,
573 604 701 678 precor),
723 610 814 677 tuque
833 600 945 662 inclute
966 601 1102 672 llavore,

166 696 270 748 cuncta
290 694 341 747 tuo
364 688 416 764 qui
436 684 521 754 bella,
543 692 636 761 pater,
658 683 713 744 sul>
735 685 855 746 numine
873 694 1020 762 torques:
1135 691 1172 745 itt

165 770 313 846 fontisque
333 767 494 847 fluviosque
515 785 597 837 uoco,
619 784 752 846 quaeque
771 767 898 828 aetheris
918 766 972 828 alti

165 852 268 932 religio
290 863 318 912 et
337 871 412 931 quiae
433 851 567 912 caemlco
588 859 656 911 sunt
676 852 795 912 numina
817 860 926 929 ponto:

166 937 287 998 cesserit
308 937 434 996 Ausonio
457 937 482 995 si
494 934 563 996 fors
585 936 705 995 victoria
725 934 835 1002 Turno,

167 1022 303 1080 convenit
323 1018 454 1080 Euandri
475 1020 565 1079 victos
587 1017 738 1078 discedere
760 1017 797 1077 ad
818 1017 932 1085 urbem,

167 1103 252 1164 cedet
273 1102 353 1164 lulus
370 1103 458 1180 agris,
479 1120 536 1162 uec
556 1109 726 1178 postarma
745 1098 804 1161 ulla
822 1099 950 1161 rebelles
1140 1109 1179 1161 tao

166 1186 319 1247 Aeneadae
338 1186 469 1247 referent
486 1185 602 1246 ferrove
624 1184 697 1245 haec
718 1201 809 1262 regna
828 1184 976 1245 lacessent

166 1271 212 1329 sin
233 1278 367 1330 nostrum
388 1269 522 1329 adnuerit
542 1266 628 1327 uobis
648 1266 775 1328 Victoria
796 1269 919 1329 llartem

167 1351 211 1430 (ut
226 1352 323 1430 potius
344 1370 413 1412 reor
436 1361 465 1411 et
485 1352 582 1429 potius
600 1351 630 1411 di
650 1351 769 1412 numine
791 1352 927 1430 firment),

166 1453 226 1496 uon
244 1453 299 1513 ego
319 1453 374 1495 nec
394 1435 519 1496 Teucris
539 1433 627 1495 Italos
646 1452 752 1513 parere
770 1434 879 1496 iubebo

166 1535 223 1579 nec
240 1516 312 1577 mihi
332 1535 423 1594 regna
444 1527 527 1596 peto:
549 1517 671 1595 paribus
692 1538 725 1580 se
744 1517 858 1595 legibus
877 1517 984 1578 curbae
1140 1526 1182 1579 tw

166 1602 292 1661 invictae
313 1609 413 1677 gentes
430 1611 548 1662 aeterna
569 1601 600 1660 in
620 1601 738 1663 foedera
760 1602 884 1662 mittant
1036 1668 1053 1681 ⁸

167 1701 251 1744 saera
273 1684 402 1762 deosque
421 1683 511 1750 dabo;
533 1702 618 1744 socer
639 1702 720 1744 arma
740 1685 860 1747 Latinus
881 1684 1003 1754 habeto,

166 1767 323 1846 imperium
345 1765 485 1827 sollemne
502 1784 603 1833 socen
624 1766 697 1827 mihi
717 1770 833 1829 moenia
852 1769 962 1829 Teucri

168 1851 352 1918 constituent„
376 1847 501 1927 urbique
521 1848 600 1910 dabit
620 1850 739 1911 Lavinia
755 1853 883 1913 uomen.'

167 1934 209 1994 sic
229 1933 311 2012 prior
332 1936 458 2001 Aeneas;
482 1934 614 2012 sequitur
635 1935 679 1994 sic
700 1934 806 1996 deinde
823 1936 942 1997 Latinus
1138 1943 1182 1996 lto
1231 1946 1234 1952 “

131 2022 135 2028 ’
168 2017 330 2096 suspiciens
352 2015 465 2078 caelum
487 2016 637 2095 tenditque
657 2018 694 2079 ad
713 2019 809 2080 sidera
829 2019 979 2079 dextram:

169 2100 257 2161 ‘haec
278 2101 390 2170 eadem,
408 2103 515 2168 Aenea,
537 2112 647 2162 terram
668 2120 751 2163 mare
771 2103 866 2182 sidera
886 2102 952 2161 iuro

169 2183 355 2263 Latonaeque
372 2201 464 2262 genus
486 2185 592 2264 duplex
609 2184 772 2264 Ianumque
793 2186 950 2247 bifrontem

168 2267 285 2345 vimque
306 2266 395 2329 deum
414 2267 560 2328 infernam
583 2280 612 2328 et
632 2268 699 2329 duri
717 2271 845 2350 sacraria
866 2269 954 2337 Ditis;

169 2350 267 2411 audiat
285 2351 358 2410 haec
380 2351 504 2426 genitor,
528 2353 577 2429 qui
595 2352 714 2413 foedera
735 2353 858 2414 fulmine
878 2353 979 2412 sancit.
1133 2360 1183 2412 ooo

168 2441 256 2508 tango
278 2451 354 2503 aras,
378 2433 489 2494 medios
511 2435 586 2511 ignis
609 2444 637 2494 et
658 2437 778 2497 numina
798 2445 906 2498 testor:

168 2514 246 2575 nulla
271 2516 334 2576 dies
355 2535 459 2595 paoem
481 2517 557 2577 hanc
579 2517 657 2578 ltalis
677 2536 733 2579 uec
754 2520 873 2581 foedera
894 2531 1024 2598 rumpet,

167 2594 241 2677 [quo
255 2617 304 2658 res
319 2618 447 2677 cumque
467 2600 587 2667 cadent;
607 2618 733 2662 uec-me
753 2604 794 2662 vis
815 2602 874 2664 ulla
896 2601 1044 2665 volentem

169 2689 288 2750 avertet,
310 2698 378 2751 uon,
398 2682 423 2740 si
442 2678 576 2741 tellurem
599 2683 728 2743 effundat
747 2686 777 2744 in
800 2686 893 2746 undas

170 2762 277 2823 diluvio
299 2763 425 2822 miscens
447 2763 617 2842 caelumque
639 2766 669 2824 in
689 2765 811 2828 Tartara
833 2766 956 2847 solvan]
1130 2781 1180 2832 ωδ

171 2856 202 2905 ιιι
223 2854 372 2923 sceptrum
392 2844 463 2907 hoc’
487 2847 598 2922 (dextra
620 2857 768 2927 sceptrum
790 2868 857 2912 nam
880 2855 956 2915 forte
978 2854 1116 2934 gerebat)

172 2937 346 3006 ‘numquam
367 2929 472 2990 fronde
490 2929 546 2990 levi
568 2931 670 2993 fundet
690 2932 814 3011 virgulta
835 2955 890 2997 uec
910 2935 1042 3007 umbras,

171 3030 238 3072 cum
257 3013 348 3075 semel
366 3013 396 3074 iu
413 3013 490 3074 silvis
512 3015 570 3075 imo
593 3015 629 3076 de
651 3018 741 3095 stirpe
760 3021 887 3082 recisum
1095 3091 1098 3095 ἵ

171 3104 264 3156 matre
289 3105 370 3158 caret
391 3098 547 3177 posuitque
569 3118 667 3163 comas
693 3110 722 3162 et
742 3102 880 3164 bracchia
902 3105 991 3173 ferro,

171 3177 241 3238 olim
262 3179 359 3251 arbos,
380 3197 459 3242 nunc
481 3184 598 3244 artificis
620 3203 724 3246 manus
745 3204 813 3246 aere
834 3187 941 3248 decoro
1131 3196 1179 3250 alo

171 3261 287 3323 inclusit
307 3262 498 3343 patribusque
520 3267 599 3327 dedit
620 3278 733 3342 gestare
754 3269 883 3330 Latinis.'

171 3343 277 3405 talibus
296 3346 372 3409 iuter
393 3366 424 3409 se
445 3350 600 3410 firmabant
617 3350 736 3412 foedera
758 3353 842 3414 dictis

172 3438 329 3507 conspectu
344 3433 375 3491 iu
398 3432 495 3493 medio
516 3450 682 3510 procerum.
717 3443 780 3496 tum
799 3438 855 3497 rite
876 3445 1002 3497 sacratas

172 3513 200 3573 iu
220 3512 368 3575 flammam
392 3515 523 3594 iugulant
546 3517 674 3596 pecudes
695 3528 725 3577 et
750 3520 862 3581 viscera
883 3519 952 3580 vivis
