2512 4096
472 279 613 329 vnncmr
634 281 758 330 aunum
776 281 799 330 V

132 433 235 495 ordine
252 436 324 495 alna
344 433 442 496 locant
463 433 510 496 alii
526 433 641 514 lusique
662 453 716 514 per
737 434 860 497 herbam

131 515 278 578 subiciunt
299 517 416 580 veribus
435 531 545 598 prunas
567 527 597 578 et
615 520 726 580 viscera
749 526 873 580 torrent.

173 599 331 678 Expectata
353 602 415 664 dies
434 603 536 663 aderat
551 618 718 680 nonamque
735 619 839 664 serena

131 688 276 744 Auroram
290 685 480 748 Phaethontis
503 687 571 763 equi
591 687 648 746 iam
667 683 734 746 luca
748 685 907 750 vehebant.
1092 701 1142 756 105

130 771 265 845 famaque
283 769 420 829 finitimos
443 777 471 830 et
492 767 562 831 clari
584 786 692 830 nomen
711 770 832 831 Acestae

130 852 273 914 excierat:
296 850 370 912 laeto
394 851 575 932 complerant
595 851 681 912 lltora
697 861 783 914 coetu

129 936 218 996 visuri
240 935 405 1004 Aeneadas,
429 954 498 1014 pars
518 938 679 997 etcertaie
697 937 804 1015 parati.-

129 1035 252 1078 munera
272 1019 415 1096 principio
438 1026 504 1082 ante
526 1019 627 1080 oculos
648 1021 786 1098 circoque
807 1020 941 1084 locantur

129 1103 160 1162 in
182 1099 293 1170 medlo,
316 1105 392 1163 sacri
413 1104 544 1182 tripodes
560 1103 726 1181 viridesque
748 1121 876 1165 coronae
1070 1106 1073 1111 ’
1092 1118 1143 1171 111

129 1193 160 1246 11
179 1183 293 1262 palmae
311 1188 438 1265 pretium
461 1185 634 1256 victoribus,
657 1199 797 1265 armaque
818 1198 847 1248 et
868 1195 947 1249 ostro

129 1267 268 1346 perfusae
290 1276 398 1339 restes,
422 1271 535 1347 argenti
556 1271 679 1348 aurique
703 1268 826 1339 talenta;

129 1361 158 1412 et
180 1350 250 1412 tuba
271 1354 441 1413 commissos
462 1353 559 1414 medic
581 1354 658 1414 canit
676 1369 784 1431 aggere
804 1352 898 1415 ludos.

127 1437 223 1515 prima
242 1453 328 1515 pares
344 1437 444 1496 ineunt
462 1436 600 1515 gravibus
621 1438 781 1497 certamina
802 1440 892 1498 remis

128 1527 266 1598 quattuor
287 1539 322 1581 ex
343 1521 423 1580 omni
443 1518 575 1581 delectae
598 1519 690 1580 classe
713 1522 839 1581 carinae.
1090 1534 1141 1588 115

128 1602 257 1664 velocem
280 1603 448 1665 Mnestheus
469 1605 528 1682 agit
550 1604 610 1664 acri
629 1605 740 1682 remige
760 1603 892 1673 Pristim,

128 1687 206 1766 (mox
226 1686 313 1747 ltalus
334 1687 515 1757 blnestheus,
538 1704 630 1766 genus
652 1705 668 1747 a
691 1704 748 1766 quo
765 1689 885 1749 nomine
906 1689 1034 1770 blemmi)

126 1772 333 1850 ingentemque
353 1771 429 1850 Gyas
449 1773 559 1848 ingenti
579 1771 656 1832 mole
679 1770 876 1842 Chimaeram,

126 1853 209 1915 urbis
230 1871 318 1932 opus,
338 1853 445 1933 triphci
468 1854 561 1933 pubes
579 1872 667 1932 quem
688 1854 823 1915 Dardana
845 1872 933 1917 versu

126 1936 294 2014 impellunt,
319 1936 419 2017 [terno
441 1946 623 2015 consurgunt
639 1937 743 1998 ordine
762 1936 867 2017 remi,]
1089 1949 1139 2003 111

127 2019 356 2097 Sergestusque,
375 2020 480 2081 domus
500 2027 580 2081 tenet
601 2037 618 2079 a
639 2037 697 2096 quo
718 2019 820 2095 Sergia
836 2031 959 2090 nomen,

127 2101 272 2163 Centauro
291 2101 436 2163 invehitur
455 2119 575 2179 magna,
597 2100 750 2180 Scyllaque
773 2099 930 2163 Cloanthus

127 2184 275 2252 caerulea,
295 2200 388 2260 genus
406 2184 484 2244 unde
500 2184 568 2252 tihi,
587 2184 719 2244 Romane
742 2183 862 2245 Cluenti.

169 2268 218 2328 Est
240 2266 344 2345 procul
363 2269 393 2327 in
413 2265 517 2344 pelago
538 2285 640 2328 sarum
661 2270 825 2344 spumantia
850 2277 950 2329 contra

126 2351 224 2420 litora,
248 2351 327 2430 quod
347 2349 464 2410 tumidis
484 2349 670 2410 submersum
690 2350 822 2411 tunditur
845 2351 913 2412 olim
1088 2362 1137 2416 111

125 2435 277 2502 ductibus,
300 2433 416 2495 hiberni
435 2432 565 2493 condunt
586 2432 637 2494 ubi
656 2433 752 2494 sidens
773 2435 850 2501 cori:

125 2516 280 2594 tranquillo
300 2516 365 2578 silet
384 2519 563 2595 immotaque
584 2515 723 2578 attollitur
741 2517 821 2578 unda

123 2619 245 2679 campus
268 2609 297 2662 et
318 2601 425 2679 apricis
446 2601 529 2660 statio
552 2601 714 2677 gratissima
734 2604 852 2680 mergis.

123 2685 171 2747 hic
192 2685 315 2745 viridem
332 2685 444 2745 Aeneas
465 2684 613 2744 frondenti
633 2703 667 2744 ex
690 2683 755 2746 ilice
777 2692 884 2747 metam

126 2771 274 2830 constituit
292 2770 409 2846 signum
430 2767 526 2828 nautis
546 2776 645 2845 pater,
666 2767 744 2828 unde
764 2771 872 2830 reverti
1087 2781 1136 2835 111

123 2853 233 2912 scirent
254 2859 283 2911 et
303 2851 406 2928 longos
427 2850 479 2911 ubi
501 2848 732 2911 circumflectere
754 2868 866 2914 corsua.

124 2940 186 2994 tum
207 2932 271 2995 loca
293 2941 372 2994 sorte
394 2933 507 3010 legunt,
531 2934 644 3012 ipsique
664 2934 694 2993 in
715 2935 863 3012 puppibus
884 2955 956 2999 auro

124 3017 261 3077 ductores
284 3015 371 3094 longe
393 3015 531 3095 ellulgent
552 3023 691 3095 ostroque
711 3017 826 3089 decori;

124 3109 220 3162 cetera
240 3099 365 3180 populea
386 3099 497 3162 velatur
518 3099 622 3160 fronde
642 3102 775 3160 iuventus

123 3183 306 3263 nudatosque
324 3202 442 3245 umeros
464 3182 529 3245 olco
551 3184 669 3261 perlusa
691 3185 814 3248 nitescit.
1085 3197 1134 3250 135

123 3267 276 3329 considunt
297 3270 446 3336 transtris,
468 3268 637 3346 intentaque
655 3267 792 3330 bracchia
814 3274 918 3340 remis;

122 3351 225 3412 intenti
246 3360 398 3428 expectant
419 3352 548 3429 signum,
572 3349 788 3430 exultantiaque
811 3353 907 3417 haurit

122 3435 323 3513 cordapavor
343 3434 462 3511 prdsans
481 3434 659 3514 laudumque
680 3444 794 3498 arrecta
811 3439 927 3517 cupido.

123 3516 188 3579 inde
210 3518 261 3578 uhi
281 3516 358 3578 clara
381 3517 461 3579 dedit
480 3519 606 3581 sonitum
627 3516 712 3585 tuba,
736 3519 854 3582 funibus
876 3539 1000 3592 omnes,
