2512 4096
470 287 613 337 venenu
634 286 760 336 sunnrs
782 287 820 336 v1
901 265 903 269 ’
1085 274 1143 341 aot

131 453 194 508 tum
211 443 330 507 demum
351 444 469 506 admissi
489 451 592 521 stagna
614 448 749 520 exoptata
771 439 924 503 revisunt!
1097 452 1149 508 aec

130 529 257 591 constitit
278 529 404 590 Anchisa
425 537 505 590 satus
527 535 556 590 et
577 527 697 604 vestigia
716 527 837 604 pressit,

128 612 219 674 multa
241 620 348 691 putans
366 619 536 690 sortemque
560 611 658 672 animo
680 611 835 671 miseratus
855 610 995 689 iniquam.

130 698 223 759 cernit
242 696 283 758 ibi
302 706 429 758 maestos
455 696 608 758 etmortis
630 694 744 754 honore
767 694 893 754 carentis

128 780 301 859 Leucaspim
323 788 352 842 et
373 781 478 860 Lyciae
498 778 652 841 ductorem
676 777 776 839 classis
798 775 945 847 Oronten,

127 881 202 944 quos
223 863 310 925 simul
331 863 369 925 ab
390 863 478 925 Troia
500 870 620 924 ventosa
637 879 691 940 per
713 878 843 940 aequora
866 867 965 922 vectos

127 948 226 1010 obruit
247 955 362 1020 auster,
386 966 461 1027 aqua
481 947 631 1010 involvens
652 963 816 1024 navemque
837 945 982 1023 virosque.

169 1032 247 1093 Ecce
268 1032 450 1110 gubernator
470 1049 535 1093 sese
557 1031 711 1093 Palinurus
733 1029 853 1108 agebat,
938 1055 942 1061 -

127 1116 178 1193 qui
198 1115 306 1194 Libyco
327 1133 423 1195 nuper
449 1134 553 1186 cursu,
583 1116 653 1176 dum
673 1115 771 1174 sidera
791 1119 903 1182 servat,

128 1198 277 1259 exciderat
296 1202 389 1276 puppi
411 1199 515 1260 mediis
537 1199 646 1261 effusus
667 1200 698 1258 in
720 1197 817 1258 undis.

128 1281 208 1342 hunc
226 1281 342 1342 ubivis
365 1281 456 1343 multa
478 1290 623 1344 maestum
644 1282 780 1360 cognovit
798 1281 828 1341 iu
850 1277 969 1350 umbra,

126 1367 169 1426 sic
187 1367 270 1444 prior
289 1364 473 1445 adloquitur:
497 1367 579 1444 ‘quis
597 1373 640 1435 te,
663 1364 817 1433 Palinure,
838 1363 962 1425 deorum

127 1451 235 1529 eripuit
256 1449 342 1512 nobis
363 1450 520 1530 medioque
539 1448 594 1510 sub
617 1467 745 1528 aequore
767 1448 886 1509 mersit?

135 1533 174 1594 lic
195 1551 259 1611 age.
304 1552 432 1614 namque
451 1535 538 1604 mihi,
560 1532 647 1594 fallax
668 1533 739 1594 baut
761 1539 828 1594 ante
849 1537 1000 1610 repertus,

127 1631 183 1679 noc
204 1636 264 1678 uno
285 1636 428 1697 responso
451 1619 582 1680 animum
604 1616 709 1679 delusit
730 1615 850 1694 Apollo,

125 1703 175 1780 qui
197 1703 261 1763 lore
283 1709 313 1764 te
334 1710 425 1782 ponto
449 1702 628 1765 incolumem
648 1702 773 1780 finisque
795 1699 919 1762 canebat

125 1796 281 1849 venturum
303 1789 457 1849 Ausonios.
503 1806 540 1850 en
562 1788 637 1848 haec
652 1786 797 1865 promissa
819 1785 893 1846 fides
912 1781 988 1846 estl'

125 1869 172 1932 ille
195 1879 308 1933 autem:
333 1879 444 1951 ‘neque
465 1878 495 1933 te
515 1871 627 1933 Phoebi
649 1871 761 1933 cortina
785 1868 900 1937 lelellit,

124 1954 183 2014 dus
205 1956 393 2026 Anchisiade,
414 1974 470 2016 nec
488 1973 536 2016 me
559 1955 631 2015 deus
653 1970 782 2030 aequore
802 1953 912 2011 mersit.

126 2054 255 2115 namque
277 2037 490 2116 gubernaclum
512 2036 604 2098 multa
625 2039 652 2097 vi
670 2036 747 2096 lorte
767 2033 929 2104 revulsum,

125 2121 172 2180 cui
195 2121 279 2181 datus
297 2121 457 2182 haerebam
481 2129 578 2181 custos
602 2136 765 2197 cursusque
787 2117 943 2194 regebam,

124 2205 321 2284 praecipitans
343 2206 419 2265 traxi
440 2222 567 2264 mecum.
611 2204 703 2262 maria
725 2218 830 2280 aspera
851 2201 916 2261 iuro

124 2305 185 2348 non
206 2287 299 2349 ullum
318 2306 374 2366 pro
396 2307 444 2349 me
463 2294 576 2348 tantum
599 2287 712 2364 cepisse
734 2286 884 2354 timorem,

125 2390 213 2450 quam
235 2380 284 2433 tua
306 2374 350 2443 ui,
375 2371 497 2450 spoliata
520 2372 624 2440 armis,
648 2387 771 2432 excussa
792 2371 946 2448 magistro,

124 2456 264 2518 deficeret
284 2458 372 2517 tantis
394 2458 475 2518 navis
498 2455 687 2533 surgentibus
709 2453 804 2516 undis.

124 2541 177 2601 tris
198 2548 286 2602 notus
308 2540 447 2602 hibernas
468 2541 611 2602 immensa
634 2558 688 2618 per
711 2557 839 2618 aequora
861 2545 963 2600 noctes

125 2626 201 2686 vexit
223 2644 270 2687 me
292 2625 435 2688 violentus
458 2645 548 2706 aqua:
573 2627 619 2687 vir
640 2623 752 2685 lumine
774 2629 879 2702 quarto

123 2713 263 2789 prospexi
284 2709 395 2772 ltaliam
419 2729 534 2772 summa
554 2709 688 2772 sublimis
710 2709 747 2770 ab
771 2708 857 2769 unda.

122 2793 262 2871 paulatim
282 2794 429 2857 adnabam
450 2803 565 2857 terrae:
588 2797 645 2856 iam
667 2801 729 2855 tuta
751 2791 904 2872 tenebam,

123 2879 153 2936 ni
178 2896 250 2954 gens
273 2877 400 2939 crudelis
419 2878 535 2939 madida
558 2896 625 2939 cum
648 2885 728 2939 veste
750 2883 902 2956 gravatum

123 2967 371 3038 prensantemque
393 2963 477 3022 uncis
498 2961 633 3022 manibus
654 2963 748 3038 capita
770 2978 875 3037 aspera
897 2962 1004 3020 montis

124 3039 203 3102 ferro
225 3044 377 3104 invasisset
394 3044 597 3123 praedamque
618 3045 721 3122 ignara
743 3050 883 3120 putasset.

439 3149 459 3188 et
552 3186 555 3190 ,
634 3148 654 3184 'lb
818 3149 849 3185 ‘li

123 3226 202 3271 nunc
225 3228 272 3271 me
295 3210 401 3274 ductus
424 3212 513 3274 habet
534 3219 711 3291 versantque
734 3212 763 3271 iu
784 3209 869 3272 litore
893 3214 980 3273 venti,

123 3295 202 3372 quod
226 3301 255 3355 te
275 3313 330 3373 per
348 3296 422 3359 caeli
443 3297 604 3359 iucundum
625 3297 725 3360 lumen
748 3301 778 3356 et
800 3312 914 3365 auras,

122 3396 176 3455 per
197 3381 362 3457 genitorem
383 3400 452 3454 oro,
475 3400 529 3460 per
550 3400 618 3462 spes
639 3381 787 3459 surgentis
809 3378 878 3450 luli,

122 3464 204 3541 eripe
225 3482 273 3524 me
294 3465 353 3533 his,
377 3465 496 3537 invicte,
519 3467 617 3529 malis:
636 3473 687 3528 aut
707 3472 739 3526 tu
755 3464 827 3526 mihi
849 3471 958 3526 terram

121 3546 198 3610 inice
217 3547 356 3630 (namque
375 3551 470 3628 potes)
490 3559 653 3631 portusque
674 3551 794 3630 require
816 3548 949 3620 velinos,
