2512 4096
152 282 193 346 80
499 240 643 335 ve’oomr
665 285 792 335 munis
814 287 827 333 1

154 452 189 512 ad
212 465 302 528 quem
323 454 385 506 tum
406 445 480 506 luno
499 443 624 529 supplan
641 443 687 507 his
709 443 832 527 vocibus
849 451 1013 532 pateat}w
1066 490 1096 519 e,

196 520 314 601 ‘siole
338 547 466 609 namque
487 519 545 589 tibi
561 528 658 589 divom
677 524 764 604 pater
781 530 870 606 atque
885 524 1044 591 bominum
1059 547 1117 591 rex
1145 539 1178 596 tt

153 627 182 679 et
202 615 333 678 mulcere
354 614 435 676 dedit
454 612 561 673 fluctus
582 619 611 673 et
632 609 736 672 tollere
758 620 859 682 rento,

153 719 226 779 gens
246 700 364 762 inimica
386 697 457 758 mssri
474 696 662 776 Tyrrhenum
683 697 800 774 navigat
821 713 948 775 aequior,

153 784 238 847 Ilium
260 786 290 846 in
310 781 424 845 ltaliam
443 789 566 860 portans
587 782 737 858 victosque
758 788 894 858 penates:

154 872 252 931 incute
275 870 331 929 vim
354 868 447 927 ventis
468 865 697 943 submersasque
718 864 821 937 obrue-
834 881 963 944 puppes,

154 963 204 1014 aut
231 970 284 1031 age
306 951 437 1013 disemos
455 957 484 1010 et
502 949 608 1010 dissice
626 966 751 1027 corpora
773 956 874 1027 ponto.
1146 957 1178 1014 to

154 1045 222 1098 sunt
244 1034 316 1098 nebi
338 1035 384 1095 bis
405 1040 519 1111 septem
541 1034 700 1112 praestanti
722 1050 849 1112 corpore
870 1032 1035 1112 nymphae,

154 1140 278 1202 quarum
303 1138 377 1200 quae
395 1119 491 1180 foruna
512 1117 712 1196 pulcherrima
735 1118 877 1197 Deiopea,

154 1205 281 1268 conubio
304 1207 424 1283 iungam
440 1201 536 1263 stabili
554 1204 766 1281 propriamque
788 1202 908 1271 dicabo,

154 1292 249 1351 omnis
270 1301 301 1350 ut
321 1296 420 1350 tecum
442 1287 554 1348 meritis
574 1304 630 1364 pro
651 1285 757 1347 talibus
778 1305 872 1348 annos

155 1376 251 1450 exigat
272 1381 302 1435 et
321 1372 447 1451 pulchra
469 1372 556 1432 faciat
574 1377 603 1431 te
622 1369 707 1448 prole
728 1379 891 1448 parentem.
899 1370 909 1441 ’,
967 1430 971 1436 ,
1010 1445 1025 1458 „
1143 1379 1176 1435 76

196 1457 304 1518 Aeolus
324 1456 398 1517 baec
419 1462 537 1518 conua:
569 1462 668 1524 ‘tuus,
692 1457 843 1534 crepion,
868 1455 938 1534 quid
961 1461 1061 1533 optes,

156 1539 311 1620 explorare
333 1539 435 1610 lab0r;
458 1540 530 1600 mihi
551 1539 630 1600 iussa
649 1556 804 1617 capessere
825 1540 869 1600 tas
892 1545 944 1600 est

155 1633 186 1686 tu
208 1624 280 1687 mihi
302 1624 509 1703 quodcumque
526 1623 584 1683 hoc
602 1626 700 1702 regni,
721 1631 753 1684 tu
775 1632 892 1702 sceptra
913 1623 1073 1702 lovemque

156 1708 308 1780 concilias,
339 1708 440 1770 tudae
464 1706 558 1787 epulis
580 1707 757 1769 accumbere
774 1709 883 1776 divom,

155 1793 383 1872 nimborumque
404 1792 476 1854 facis
499 1798 764 1872 tempestatumque
785 1789 961 1872 potentem'
1141 1806 1177 1860 so

112 1864 168 1955 Α)
196 1877 348 1940 Haecrubi
365 1878 455 1947 dicta,
480 1893 582 1938 cavom
604 1895 745 1939 conversa
759 1870 1038 1956 icmpide³montem

154 1961 269 2043 impulit
290 1961 430 2024 inlatus:
458 1981 493 2023 ac
515 1962 593 2023 venti
613 1960 692 2023 velut
712 1963 828 2040 agmine
849 1961 943 2031 facto,

155 2064 212 2126 qua
235 2046 301 2110 data
324 2053 423 2125 porta,
450 2053 542 2108 ruunt
563 2054 592 2108 et
615 2053 711 2107 terras
733 2045 850 2106 turbine
871 2044 1006 2124 perdant.
1022 2052 1048 2097 a·

156 2130 320 2193 incubuere
341 2133 431 2201 mari,
459 2138 612 2211 totumque
634 2149 651 2191 a
672 2129 792 2192 sedibus
811 2131 877 2191 imis

156 2231 213 2275 una
236 2214 392 2296 Eurusque
412 2215 565 2296 Notusque
583 2222 676 2277 ruunt
697 2214 862 2299 creberque
881 2213 1019 2294 procellis
1141 2224 1175 2280 aa

152 2296 288 2381 binicus,
314 2307 343 2360 et
361 2307 456 2360 vastos
477 2301 596 2361 volvont
617 2300 655 2360 ad
675 2298 761 2361 litora
782 2299 898 2361 fluctus.

156 2382 319 2459 insequitur
342 2381 513 2463 clamorque
532 2385 627 2444 virum
648 2384 816 2464 stridorque
838 2384 1006 2446 rudentum.

156 2465 284 2543 eripiunt
304 2465 400 2540 subito
422 2466 516 2529 nubes
536 2467 708 2546 caelumque
727 2469 864 2549 diemque

105 2547 341 2646 ”Teucrorum
363 2569 400 2627 er
422 2550 530 2620 oculis;
550 2560 641 2631 ponto
662 2569 722 2613 nox
742 2552 862 2615 incubat
881 2560 953 2614 atra.
976 2587 988 2596 —
1134 2582 1166 2615 a.-

157 2640 311 2695 mtonnere
331 2634 392 2713 poli
413 2643 441 2696 et
462 2634 575 2696 crebris
596 2637 685 2698 micat
706 2638 822 2715 ignibus
846 2637 964 2716 aether,
1013 2680 1016 2685 -
1045 2685 1047 2689 .
1142 2649 1178 2703 90
1217 2698 1222 2704 .

156 2724 401 2798 praesentemque
420 2719 488 2780 viris
507 2721 652 2783 intentant
671 2725 768 2783 omnia
790 2730 925 2783 mortem.

156 2801 303 2879 extemplo
325 2803 441 2865 Aeneae
463 2804 615 2867 solventur
633 2807 744 2883 frigore
767 2804 917 2873 memhra;

157 2901 185 2945 tn
207 2885 291 2955 emit,
313 2893 342 2947 et
365 2886 488 2966 duplicis
509 2890 632 2953 tendens
648 2891 686 2951 ad
707 2891 803 2950 sidera
824 2888 936 2966 palmas

157 2900 223 3030 tafia
245 2988 317 3033 voce
337 2971 446 3033 refert:
480 2981 513 3035 ‘o
532 2982 636 3054 terque
659 2980 823 3054 quaterque
845 2973 935 3041 beati,
975 3059 976 3062 Ἴ

157 3055 223 3132 qu1s
245 3060 313 3116 aute
334 3073 386 3117 ora
407 3064 525 3136 patrum
548 3059 653 3120 Troiae
674 3057 729 3119 sub
752 3058 908 3120 moenibus
930 3057 994 3119 altis
1140 3071 1177 3126 os
1212 3091 1225 3101 ψ

157 3137 278 3215 contigit
299 3143 453 3219 oppetere!
483 3161 500 3203 o
522 3143 654 3217 Danarpn
674 3142 832 3204 fortissime
854 3145 949 3220 gentis

156 3220 282 3302 Tydide!
305 3242 391 3309 mene
412 3224 508 3286 iliacis
529 3225 707 3286 occumbere
727 3226 838 3302 campis

157 3322 217 3365 non
235 3308 363 3385 potuisse
385 3316 494 3388 tuaque
515 3309 642 3369 animam
664 3308 742 3368 banc
764 3309 915 3370 effundere
934 3309 1051 3379 dextra,
1125 3355 1129 3361 -

157 3407 260 3451 saeros
277 3390 326 3452 ubi
347 3391 491 3454 Aeacidae
511 3390 570 3453 telo
588 3393 664 3453 iacet
685 3391 809 3462 Hector,
833 3392 885 3454 ubi
906 3395 1009 3471 ingens
1138 3452 1144 3462 ,

158 3474 325 3554 Sarpedon,
359 3475 411 3537 ubi
431 3482 475 3537 tot
494 3477 601 3538 Simois
623 3482 759 3556 correpta
781 3476 836 3538 sub
859 3479 946 3540 undis
1122 3491 1178 3544 lot)

157 3565 240 3641 scuta
261 3561 359 3624 virum
377 3559 534 3642 galeasque
554 3569 583 3623 et
600 3561 687 3623 tortia
710 3579 834 3643 corpora
857 3561 971 3629 rolvitt’
