2512 4096
153 272 211 335 188
500 282 643 330 vnnamr
663 281 788 329 snnms
810 281 834 324 v

148 454 222 501 naec
243 453 409 496 memorans
431 438 560 497 cinerem
583 445 611 495 et
632 437 742 512 sopitos
762 437 882 495 suscitat
901 435 976 510 ignis

148 522 400 597 Pergameumque
419 519 512 580 larem
530 527 559 578 et
579 537 669 579 canae
689 518 850 595 penetralia
869 517 973 576 Vestae

148 604 226 664 farre
251 604 299 679 pio
318 609 347 662 et
367 602 454 679 plena
475 600 598 678 supplex
620 608 775 662 veneratur
796 618 907 661 acerra.
1116 613 1167 666 745

190 684 343 762 Extemplo
364 687 460 745 socios
477 687 663 763 primumque
685 685 805 744 arcessit
819 683 958 749 Acesten,

150 778 179 830 ot
196 768 272 829 lovis
293 769 449 846 imperium
467 775 496 828 et
512 768 573 828 cari
594 775 747 845 praecepta
769 767 900 845 parentis

150 853 254 914 edocet
274 861 304 912 et
320 869 396 929 quae
415 869 495 911 nunc
517 851 614 910 animo
636 852 778 911 sententia
800 857 923 910 constet.

149 937 220 996 baut
240 952 323 994 mora
343 933 484 1003 consiliis,
509 952 566 994 nec
585 935 663 994 iussa
683 941 801 993 recusat
822 934 949 992 Acestes.

148 1016 348 1078 transcribunt
369 1016 436 1076 urbi
459 1025 568 1090 matres
587 1016 787 1094 populumque
807 1016 952 1075 volentem
1114 1025 1167 1079 too

150 1102 315 1179 deponunt,
339 1100 452 1160 animos
472 1099 513 1160 nil
535 1117 658 1176 magnae
677 1099 771 1159 laudis
792 1108 920 1175 egentes,

149 1186 204 1262 ipsi
224 1192 351 1244 transtra
370 1190 478 1243 novant
498 1181 681 1261 flammisque
702 1182 821 1243 ambesa
842 1189 990 1260 reponunt

148 1266 258 1327 robora
277 1265 413 1342 navigiis,
441 1274 542 1343 aptant
561 1284 717 1344 remosque
736 1265 942 1342 rudentisque,

149 1351 246 1425 exigui
267 1367 408 1418 numero,
431 1349 482 1410 scd
496 1349 573 1410 bollo
594 1349 686 1409 vivida
706 1349 807 1408 virtus.
832 1348 834 1353 ’

149 1432 260 1493 moeres
276 1433 389 1492 Aeneas
406 1432 512 1494 urbem
534 1433 667 1509 designat
688 1440 786 1492 aratro
1114 1443 1165 1496 w·

150 1515 328 1592 sortiturque
350 1514 469 1584 domos,
490 1516 547 1578 hoc
568 1516 653 1576 llinm
674 1523 703 1576 et
723 1516 797 1575 haec
816 1514 880 1573 loca
902 1514 1021 1574 Troiam

150 1616 213 1659 esso
233 1597 322 1657 iubet.
366 1598 474 1673 gaudet
492 1615 586 1674 regno
607 1599 752 1658 Troianus
772 1599 905 1666 Acestes,

148 1681 306 1757 indicitque
326 1680 423 1739 lorum
445 1686 474 1740 et
490 1681 624 1759 patribus
644 1681 693 1741 dat
713 1682 777 1741 iura
798 1682 916 1739 vocatis.

150 1775 211 1824 tum
230 1764 323 1823 vicina
343 1763 429 1822 astris
450 1762 576 1840 Erycino
597 1765 627 1822 in
648 1764 755 1823 vertice
773 1763 857 1822 sedes

151 1845 415 1908 lundatur'Veneri
432 1845 552 1914 Idaliae,
575 1844 747 1923 tumuloque
769 1844 907 1905 sacerdos

149 1949 183 1990 ac
201 1928 286 1989 lucus
306 1929 365 1989 late
384 1947 467 1989 sacer
491 1929 607 1990 additur
627 1929 781 1989 Anchiseo.

171 2012 309 2091 ,lamque
328 2012 389 2073 dies
411 2013 525 2090 epulata
543 2031 648 2073 novem
670 2031 742 2091 gens
764 2014 873 2082 omnis,
897 2020 925 2072 et
938 2013 996 2073 aris
1080 2052 1089 2065 κ

148 2097 242 2157 lactus
258 2098 368 2157 honos:
389 2095 496 2173 placidi
517 2105 683 2158 straverunt
703 2114 832 2175 aequora
853 2097 943 2164 venti,

149 2179 254 2240 creber
277 2187 305 2240 et
326 2180 478 2257 adspirans
495 2198 599 2241 rursus
618 2189 702 2240 vocat
723 2189 821 2241 auster
843 2180 872 2239 in
895 2178 993 2239 altum.

149 2264 279 2334 exoritur
299 2280 445 2341 procurva
466 2264 569 2340 ingens
586 2283 641 2342 per
661 2264 864 2331 irroratione

149 2345 293 2423 complexi
312 2347 388 2406 inter
412 2364 444 2408 se
461 2357 638 2426 noctemque
659 2348 795 2425 diemque
816 2354 977 2406 morantur.

148 2429 229 2505 ipsae
249 2429 306 2488 iam
328 2438 450 2500 matres,
473 2432 542 2508 ipsi,
569 2431 675 2510 quibus
696 2448 800 2509 aspera
818 2429 966 2507 quondam

148 2512 207 2572 visa
229 2514 318 2573 maris
337 2513 424 2574 facies
446 2522 475 2574 et
494 2533 555 2574 non
578 2513 729 2574 tolerabile
751 2530 873 2580 nomen,

147 2596 191 2656 irc
211 2595 311 2658 volunt
332 2614 508 2675 omnemque
528 2597 615 2675 fugae
633 2596 767 2674 perferre
787 2594 929 2655 laborem.

148 2698 222 2759 quos
241 2681 338 2742 bonus
358 2682 470 2742 Aeneas
489 2680 573 2740 dictis
592 2680 703 2741 solatur
725 2681 826 2741 amicis

147 2773 176 2824 et
197 2766 413 2842 consanguineo
434 2763 591 2824 lacrimans
613 2765 798 2825 commendat
817 2765 948 2825 Acestae.

147 2849 200 2908 tris
220 2848 306 2927 Eryci
326 2847 430 2909 vitulos
451 2854 480 2908 et
498 2847 731 2927 Tempestatibus
751 2865 855 2926 agnam

147 2933 269 2993 caedere
289 2933 394 2993 deinde
414 2931 496 2992 iubet
516 2932 646 3011 solvique
665 2951 701 2993 ex
723 2933 827 2994 ordine
845 2930 955 2992 funem.

145 3017 208 3094 ipse
229 3023 316 3094 caput
336 3025 437 3076 tonsae
456 3014 531 3076 loliis
553 3018 683 3078 evinctus
701 3017 807 3086 olivae,

145 3106 225 3159 stans
244 3100 348 3178 procul
369 3101 399 3159 in
419 3118 508 3177 prora
529 3112 661 3179 pateram
681 3109 773 3169 tenet,
796 3109 919 3178 extaque
938 3098 1030 3159 salsos

144 3182 250 3260 proicit
268 3184 298 3242 in
319 3184 426 3243 llrrotus
445 3200 480 3243 ac
498 3185 563 3244 vina
580 3183 718 3263 liquentia
738 3183 840 3244 fundit

146 3267 278 3326 certatim
299 3267 370 3326 socii
389 3266 498 3325 feriunt
519 3285 600 3326 mare
623 3275 652 3326 et
672 3283 800 3343 aequora
822 3275 959 3326 verrunt:

145 3350 332 3427 prosequitur
353 3365 479 3426 surgens
499 3367 516 3408 a
539 3351 631 3426 puppi
649 3357 751 3409 ventus
772 3350 876 3409 euntis.

186 3435 223 3492 At
245 3432 340 3494 Venus
362 3432 473 3490 interea
491 3429 659 3508 Neptunum
681 3433 809 3492 exercita
830 3433 909 3492 ruris

146 3516 310 3595 adloquitur
332 3514 455 3592 talisque
475 3514 597 3574 effundit
616 3524 735 3592 pectore
756 3524 891 3592 questus:
