2512 4096
518 280 617 330 omre.
1004 268 1063 336 atti

57 436 111 500 sed
133 444 232 499 nmen
245 441 397 498 aeternam
413 435 541 515 squamis
563 435 669 496 restire
690 434 818 515 puellam

56 519 222 602 infidosque
242 522 321 581 inter
342 526 477 580 teneram
500 519 685 579 committere
706 520 802 597 pisces
1016 530 1066 582 teo

57 622 119 666 non
140 605 241 666 statuit
260 603 395 681 (nimium
417 608 461 662 est
483 600 599 661 andum
641 618 712 664 ecus
733 603 949 684 Amphitritesia

58 688 147 749 atriis
167 688 264 767 potius
285 684 441 748 sublimem
462 682 580 745 sustulit
600 620 661 755 alls,

59 779 137 833 esset
158 772 242 832 utin
263 769 351 831 terris
372 768 442 829 facti
464 766 501 828 (le
523 768 643 829 nomine
665 767 743 838 ciris,

58 854 129 915 ciris
150 853 305 934 Amyclaeo
326 852 486 914 formosior
508 869 613 912 ansere
634 849 740 913 Ledae.

56 938 106 1000 hie
128 936 207 999 velut
228 938 259 999 in
280 937 380 1008 niveo,
403 943 506 997 tenera
528 941 573 995 cst
593 951 661 997 cum
681 937 818 1014 primitus
857 954 921 998 ovo.

57 1021 169 1101 effigies
190 1021 346 1082 animantis
368 1026 398 1081 et
417 1018 585 1080 internodia
606 1019 748 1082 memhris

56 1104 220 1184 inperfecta
242 1122 316 1165 noro
338 1103 454 1165 fluitant
476 1109 615 1164 concreta
636 1101 750 1164 calore:

57 1188 100 1248 sic
121 1186 232 1267 liquido
255 1185 369 1266 Scyllae
391 1184 602 1248 circumfusum
624 1203 753 1266 aequore
776 1204 884 1268 corpus

57 1270 188 1332 semiferi
208 1271 330 1331 incertis
352 1271 440 1330 ctiam
461 1285 542 1330 nunc
562 1267 695 1348 partibus
717 1277 798 1331 artus
954 1336 959 1347 .

56 1352 186 1433 undique
207 1352 361 1415 mutabant
382 1359 470 1432 atque
492 1351 623 1432 undiquc
643 1352 843 1416 mutabantur.

57 1438 117 1498 oris
138 1437 233 1498 honos
253 1438 383 1517 primum
404 1443 435 1496 ei
455 1434 556 1497 multis
577 1443 676 1515 optata
695 1435 803 1498 labella
923 1494 926 1499 ⁴

57 1527 87 1581 et
107 1514 224 1599 patulae
245 1520 352 1581 frontis
373 1519 488 1598 specics
509 1535 702 1581 concrescere
723 1521 755 1582 in
776 1538 868 1582 unum

57 1620 183 1682 coepere
206 1609 235 1663 et
256 1601 360 1683 gracili
381 1609 513 1663 mentum
535 1603 700 1684 producere
722 1610 835 1673 rostro;

57 1694 120 1749 tum
142 1703 199 1765 qua
221 1685 406 1747 semodium
429 1686 531 1765 eapitis
553 1686 712 1748 discrimen
735 1687 849 1767 agebat,

57 1786 127 1831 ecce
148 1776 272 1849 repente
294 1768 372 1830 velut
393 1770 505 1849 patrios
525 1770 654 1833 imitatus
674 1769 805 1832 honores

56 1853 213 1934 puniceam
235 1854 384 1929 concussit
405 1870 479 1932 apex
500 1854 532 1914 iu
553 1855 663 1914 verhcc
684 1855 819 1921 cristam;

57 1942 87 1997 at
108 1934 205 1997 mollis
225 1937 322 1997 varios
344 1937 479 1996 intexens
500 1934 600 2014 pluma
621 1934 737 1996 colores

57 2035 258 2081 marmoreum
278 2017 391 2079 volucri
412 2019 525 2078 vestivit
546 2020 676 2096 tegmine
698 2035 816 2096 corpus,

57 2100 196 2181 lentaque
217 2108 376 2181 perpetuas
396 2097 538 2161 fuderunt
558 2100 697 2161 bracchia
718 2118 841 2180 pennas.

56 2182 127 2245 inde
149 2182 221 2246 allas
241 2190 341 2264 partes
362 2183 512 2262 minioque
533 2182 642 2244 infecta
663 2182 782 2244 rubenti

58 2285 145 2330 crura
167 2284 243 2328 nora
263 2267 373 2329 macies
395 2265 517 2327 obduxit
538 2264 669 2345 squalida
690 2265 769 2346 pelle

58 2358 88 2413 et
108 2349 234 2430 pedihus
254 2350 365 2411 teneris
385 2366 499 2428 ungues
521 2349 621 2411 adfixit
641 2357 751 2412 acutos.

58 2440 88 2495 et
110 2441 210 2495 nmen
232 2433 289 2495 hoc
312 2431 430 2494 demum
452 2434 578 2495 miserae
599 2450 775 2495 succurrere
796 2440 882 2512 pacto

57 2518 104 2578 vix
125 2516 224 2578 iuerat
243 2514 359 2596 placida
381 2516 510 2596 Neptuni
532 2517 656 2597 coniuge
678 2515 809 2595 dignum.

57 2618 218 2679 numquam
239 2599 320 2661 illam
342 2601 503 2679 posthaec
525 2600 603 2662 oculi
625 2599 723 2662 videre
745 2617 866 2663 suorum
1019 2608 1070 2662 oto

56 2700 222 2764 purpureas
243 2683 318 2745 flavo
340 2684 517 2746 retinentem
538 2686 648 2746 vertioe
670 2685 763 2756 vittas,

57 2785 117 2827 non
139 2765 286 2829 thalamus
307 2766 396 2846 Tyrio
418 2767 553 2846 fragrans
574 2769 689 2848 accepit
710 2786 835 2840 amomo,

57 2848 156 2910 nullae
177 2847 257 2909 illam
280 2849 379 2910 sedes:
403 2850 573 2928 quidecim
596 2851 657 2911 iam
685 2850 804 2913 sedibus
825 2849 886 2912 ilbi

58 2948 134 3010 quae
156 2928 242 2992 simul
263 2938 297 2991 ut
318 2947 383 2991 sese
405 2949 478 2992 cano
501 2930 538 2992 (le
559 2935 675 3011 gurgite
696 2932 780 2995 velox

59 3031 126 3075 eum
148 3014 245 3075 sonitu
268 3011 304 3074 ad
327 3011 439 3074 caelum
462 3013 654 3077 stridentibus
676 3013 778 3076 extulit
799 3015 853 3080 alls

59 3103 90 3159 et
110 3095 234 3158 multum
256 3095 315 3158 late
337 3097 476 3175 dispersit
496 3098 528 3159 in
550 3115 677 3179 aequora
699 3115 798 3159 rorem

58 3179 161 3241 infelix
181 3181 264 3258 virgo
286 3181 464 3261 nequiquam
486 3199 502 3242 a
523 3189 620 3243 morte
641 3188 760 3262 recepta

59 3262 202 3325 incultum
224 3262 294 3326 solis
314 3265 346 3326 in
369 3263 492 3345 rupibus
514 3267 603 3346 exigit
623 3283 734 3337 acrem,

59 3346 181 3425 rupibus
204 3353 233 3408 at
253 3346 381 3426 scopulis
403 3356 434 3410 at
454 3347 589 3412 litoribus
611 3349 744 3412 desertis.

58 3446 115 3492 nec
128 3437 234 3492 ,tamen
254 3430 313 3492 hoc
333 3433 430 3511 ipsum
450 3451 546 3514 poena
568 3435 645 3497 sine:
668 3451 795 3516 namque
817 3432 904 3496 deum
926 3451 988 3506 rex,
1017 3440 1069 3495 tto

58 3515 157 3575 omnia
180 3515 230 3595 qui
250 3515 392 3596 imperio,
415 3523 510 3580 terras
531 3536 614 3581 mare
636 3516 734 3581 sidera
755 3525 861 3590 versat,
