2504 4094
356 279 499 327 VERGILl
520 278 722 328 GEORGIGON
738 279 778 326 111

66 438 234 493 currentem
255 431 349 510 ilignis
363 439 465 511 potare
487 432 635 494 canalibus
657 432 780 501 undam;

36 582 39 589 ,
67 513 195 576 aestibus
216 523 245 575 at
265 515 368 577 mediis
389 514 558 577 umbrosam
579 517 733 595 exquirere
754 514 866 587 vallem,

67 597 161 659 sicubi
182 615 288 676 magna
308 599 384 660 lovis
405 600 523 678 antiquo
545 598 654 660 roboro
678 617 804 678 quercus

67 682 192 758 ingentis
212 683 311 743 tendat
330 701 444 753 ramos,
466 689 516 744 aut
537 682 630 744 sicubi
651 683 768 760 nigrum

64 763 180 825 ilicibus
202 765 313 827 crebris
334 784 417 827 sacra
438 784 541 828 nemus
563 766 686 829 accubet
706 767 827 837 umbra;

65 855 127 909 tum
148 850 243 910 tenuis
265 850 335 910 dare
356 867 459 911 rursus
480 868 583 928 aquas,
607 859 636 912 et
657 867 778 928 pascere
799 867 903 912 rursus

64 930 134 992 solis
156 932 192 992 ad
215 950 365 1004 occasum,
389 951 456 995 cum
477 934 598 1012 frigidus
620 939 688 995 aera
710 952 814 1011 vesper

64 1022 223 1093 temperat,
246 1024 274 1077 et
296 1016 385 1078 saltus
406 1018 500 1079 reficit
520 1019 578 1079 iam
599 1018 715 1079 roscida
735 1016 814 1088 luna,

64 1099 208 1178 litoraque
230 1099 380 1179 alcyonem
401 1108 554 1171 resonant,
577 1100 869 1163 acalanthidadnmi.

108 1181 183 1251 Quid
205 1183 256 1243 tibi
277 1191 409 1260 pastores
430 1185 553 1264 Libyae,
576 1186 645 1265 qnid
666 1203 774 1263 pascua
796 1202 882 1246 versu

64 1283 227 1344 prosequar
249 1273 277 1325 et
298 1268 373 1326 raris
394 1266 519 1329 habitata
540 1268 664 1346 mapalia
684 1268 787 1328 tectis?
1019 1277 1070 1333 ³40

65 1366 154 1427 saepe
175 1349 251 1410 diem
273 1355 447 1428 noctemque
469 1358 497 1411 et
518 1357 610 1413 totum
633 1370 668 1412 ex
690 1352 793 1412 ordine
813 1368 944 1413 mensem

65 1433 195 1512 pascitur
216 1433 296 1511 itque
317 1450 406 1509 pecus
426 1432 513 1512 longa
534 1435 564 1495 in
586 1436 701 1496 deserta
723 1436 785 1495 sine
806 1433 872 1495 ullis

65 1517 213 1593 hospitiis:
236 1523 347 1578 tantum
370 1519 464 1595 campi
484 1518 567 1578 iacet.
610 1519 707 1578 omnia
728 1536 827 1580 secum

67 1600 258 1662 armentarius
279 1601 349 1662 dier
371 1603 442 1680 agit,
466 1607 632 1680 tectumque
654 1601 802 1681 laremque

66 1703 205 1764 armaque
218 1683 463 1765 Amyclaeumque
481 1703 583 1747 canem
604 1686 795 1765 Cressamque
814 1686 997 1764 pharetram;
1018 1698 1068 1752 345

62 1786 122 1829 non
142 1786 226 1830 secus
249 1787 283 1829 ac
304 1770 404 1847 patriis
425 1787 493 1830 acer
514 1769 662 1831 Romanus
683 1772 713 1830 in
735 1771 823 1831 armis

62 1853 169 1913 iniusto
191 1851 245 1914 sub
268 1853 346 1914 fasce
368 1854 442 1914 viam
464 1872 553 1932 quom
576 1856 682 1931 carpit,
706 1861 734 1916 et
756 1855 831 1914 hosti

62 1943 129 1997 ante
153 1943 335 2014 expectatum
357 1938 458 2014 positis
479 1944 536 1997 stat
556 1938 586 1997 in
608 1938 723 2014 agmina
745 1938 856 1998 castris.

104 2020 141 2079 m
161 2037 220 2078 nem
243 2037 299 2098 qua
322 2019 456 2099 Scythiae
477 2028 579 2098 gentes
600 2021 781 2098 Maeotiaque
803 2021 889 2088 unda,

63 2102 197 2164 turbidus
220 2110 409 2180 attorquens
431 2103 560 2163 flaventis
581 2103 678 2163 llister
700 2102 833 2172 harenas,
1018 2112 1069 2167 350

63 2203 178 2264 quaque
200 2186 276 2245 redit
298 2186 427 2245 medium
448 2185 590 2262 Rhodope
612 2193 749 2262 porrecta
771 2185 826 2245 sub
848 2204 941 2246 axem.

61 2269 120 2329 illic
144 2267 240 2328 clausa
263 2274 363 2328 tenent
383 2266 504 2327 stabtdis
526 2274 672 2337 armenta,
695 2285 791 2347 neque
813 2267 889 2330 ullae

61 2360 112 2413 aut
134 2350 244 2410 herbae
267 2367 369 2426 campo
392 2357 534 2427 apparent
554 2358 605 2412 aut
625 2351 731 2413 arbore
753 2353 885 2422 trondem

61 2435 114 2496 sed
127 2435 203 2494 iacet
224 2433 380 2512 aggeribus
401 2435 492 2496 niveis
513 2434 645 2496 informis
661 2442 689 2497 et
710 2436 767 2496 alto

62 2525 141 2579 terra
163 2517 230 2593 gelu
251 2516 322 2587 late,
346 2525 516 2597 septemque
537 2519 667 2598 adsurgit
687 2521 717 2579 in
739 2520 831 2581 ulnas.
1016 2531 1067 2585 355

60 2619 179 2678 semper
200 2601 327 2679 hiemps,
349 2619 466 2679 semper
487 2602 630 2680 spirantes
652 2603 760 2680 frigora
782 2608 872 2666 cauri.

60 2692 122 2748 tum
145 2684 188 2745 sol
210 2684 342 2764 pallentis
363 2685 434 2747 haut
455 2705 593 2766 umquam
615 2688 732 2748 discutit
753 2689 880 2759 umbras,

57 2787 114 2831 nec
138 2787 206 2830 cnm
227 2772 357 2830 invectus
379 2770 461 2849 equis
483 2770 572 2832 altum
594 2773 667 2848 petit
688 2772 824 2842 aethera,
854 2790 909 2834 nec
932 2791 998 2834 cum

58 2855 249 2930 praeeipitem
272 2852 379 2913 Oceani
401 2852 493 2913 rubro
514 2855 582 2916 lavit
602 2874 731 2934 aequore
753 2874 882 2917 currum.

57 2944 254 2998 concrescunt
274 2934 386 2997 subitae
401 2939 530 2997 currenti
551 2940 581 2998 in
603 2938 722 2999 llumlne
745 2945 868 3010 crustae,
1016 2952 1067 3006 360

57 3021 197 3098 undaque
219 3022 276 3080 iam
298 3027 381 3096 tergo
405 3020 529 3080 ferratos
550 3024 673 3082 sustinet
694 3022 782 3092 orbis,

56 3103 206 3183 puppibus
228 3101 276 3163 illa
298 3105 399 3181 prius:
418 3102 522 3180 patulis
543 3122 622 3166 nuno
644 3105 756 3182 hospita
779 3106 929 3184 plaustris;

57 3204 186 3265 aeraque
209 3186 351 3248 dissiliunt
372 3187 474 3264 volgo,
498 3199 650 3269 vestesque
671 3190 821 3267 rigescunt

56 3270 190 3340 indutae,
214 3271 398 3351 caeduntque
420 3273 572 3334 securibus
593 3274 691 3335 umida
712 3277 786 3346 rina,

57 3363 87 3415 et
109 3361 187 3414 totae
209 3353 331 3415 solidam
352 3357 382 3415 in
405 3354 527 3434 glaciem
549 3364 663 3419 vertere
684 3357 818 3429 lucernae,
1014 3367 1066 3423 386

57 3438 198 3518 stiriaque
218 3437 331 3516 inpexis
352 3438 482 3500 induruit
503 3440 622 3502 horrida
643 3442 752 3503 barbis.

57 3519 170 3584 interea
191 3526 253 3581 toto
275 3538 334 3580 non
356 3523 446 3582 setius
468 3528 537 3586 atre
557 3525 685 3602 ninguit:
