2512 4096
35 269 39 275 -
140 230 202 293 272
476 238 618 288 venena
632 237 757 287 ssuurs
776 239 813 286 rx

138 402 234 479 prima
254 398 334 475 petit,
357 413 416 455 nen
437 395 484 455 illa
506 395 610 463 virum,
632 411 693 453 nou
714 393 762 453 illa
783 390 886 470 pericli

139 481 323 558 telorumque
341 497 471 547 memor;
491 477 604 539 caelum
625 478 731 538 debinc
750 476 902 554 questibus
924 476 1045 556 implet:
1108 483 1159 538 esu

140 565 235 626 ‘huno
254 581 308 642 ego
330 571 369 633 te,
391 562 525 643 Euryale,
548 561 673 639 asprcioi
704 571 775 622 tune
795 559 844 620 ille
862 568 1001 622 senectae

139 665 206 709 sera
226 664 310 708 meae
331 648 458 726 requies,
481 645 601 725 potuisti
621 645 755 724 linquere
776 643 878 714 solam,

141 729 285 793 uudenst
306 748 361 792 neo
381 737 422 805 te,
439 730 494 790 sub
517 737 595 790 mista
616 727 747 808 pericula
768 729 898 796 misermt,

141 815 235 876 adlarl
253 821 418 875 extremum
439 815 565 874 miserae
583 813 648 873 data
672 814 755 889 copia
777 812 881 873 matri?

141 899 209 967 lreu,
230 906 311 958 terra
328 898 427 975 ignota
451 897 571 957 canibus
593 896 659 956 date
678 896 787 973 praeda
806 896 915 956 Latinis
1108 901 1158 954 tet

142 981 314 1060 alitibusque
338 982 424 1049 iaces,
448 998 503 1040 nec
521 988 557 1048 te,
582 988 634 1040 tua·
652 979 756 1040 lunera
777 987 872 1040 mater

141 1065 266 1143 produxi
287 1065 418 1144 pressive
439 1061 540 1124 oculos
562 1072 612 1124 aut
629 1061 748 1123 volnera
768 1062 833 1132 lavi,

141 1157 220 1210 veste
241 1155 355 1225 tegens,
375 1147 428 1207 tibi
450 1164 538 1226 quam
559 1154 660 1209 nectes
680 1147 784 1208 festina
807 1146 929 1226 diesque

142 1231 285 1310 urgebam
304 1239 332 1291 et
355 1229 412 1291 tela
432 1247 519 1291 curas
540 1229 657 1291 solabar
677 1229 771 1291 anilis.

142 1333 200 1395 quo
221 1315 344 1393 sequarl
363 1323 417 1375 aut
435 1331 510 1392 quae
527 1331 608 1374 nuuc
629 1322 710 1375 artus
729 1313 885 1392 avolsaque
906 1313 1045 1375 membra
1109 1322 1157 1375 tto

142 1407 172 1459 et
192 1399 282 1457 luuus
303 1395 434 1457 lacerum
455 1396 542 1458 tellus
560 1397 666 1458 hebeti
698 1398 757 1457 hoo
776 1396 849 1457 milri
868 1397 904 1457 de
923 1404 963 1466 te,

142 1487 219 1550 nate,
241 1481 353 1541 reiensi
374 1480 431 1541 hoc
450 1498 514 1541 sum
537 1491 675 1559 terraque
695 1482 834 1559 marique
853 1483 971 1542 seeutal

143 1565 224 1640 ligite
244 1581 301 1633 me,
325 1564 407 1641 siqua
429 1571 473 1624 est
494 1567 595 1641 pietas,
618 1566 647 1625 in
667 1583 715 1625 me
736 1565 834 1625 omuie
854 1563 914 1625 tela

143 1647 276 1721 conicite,
296 1665 313 1703 o
336 1645 443 1715 Rutuli,
466 1664 515 1706 me
535 1650 661 1725 primam
682 1647 826 1708 absumite
848 1649 944 1715 lerrc;

142 1740 193 1792 aut
209 1737 251 1799 tu,
273 1745 378 1805 magne
400 1735 485 1806 peter
505 1730 609 1798 divom,
632 1731 775 1791 miserere
794 1736 907 1808 tuoque
1108 1741 1159 1794 stt

142 1815 265 1875 invisum
287 1814 344 1873 hoo
363 1812 487 1873 detrude
509 1820 597 1893 caput
612 1813 666 1873 sub
689 1811 810 1874 Tertara
832 1813 901 1886 telo,

144 1897 260 1977 quaudo
279 1895 364 1957 aliter
385 1913 500 1974 nequeo
521 1895 670 1958 crudelem
690 1895 870 1977 abrumpere
890 1898 997 1961 vitam!

104 2030 107 2035 .
144 1982 200 2042 hoc
217 1979 289 2042 lletu
307 1981 442 2041 concussi
464 1982 562 2051 animi,
584 1987 772 2060 maestusque
794 1999 850 2060 per
869 1985 966 2045 omme

144 2067 166 2124 it
183 2066 324 2142 gemitus:
348 2072 466 2142 torpent
486 2066 627 2126 infractae
649 2065 686 2126 ad
705 2064 817 2143 proelia
839 2068 925 2127 vires.

144 2148 221 2208 illem
242 2147 448 2210 incendentem
469 2148 565 2211 luctus
585 2149 693 2211 Idaeus
711 2158 740 2209 et
757 2152 845 2210 Actor
1107 2160 1159 2213 590

144 2231 244 2293 lliouei
266 2233 378 2292 monitu
401 2240 429 2291 et
452 2232 575 2294 multum
598 2232 776 2294 lacrimantis
796 2233 848 2293 lull

145 2317 308 2394 corripiunt
326 2316 462 2395 interque
482 2335 587 2377 manus
610 2317 664 2377 sub
687 2324 763 2378 tecta
784 2326 939 2396 reponunt.

185 2399 222 2458 tt
242 2397 312 2458 tuba
336 2397 498 2460 terribilem
519 2401 646 2461 sonitum
665 2399 770 2478 procul
792 2418 861 2461 uere
879 2418 987 2461 canoro

14 2505 42 2554 '.
144 2483 304 2560 increpuit;
326 2484 458 2558 sequitur
479 2482 590 2544 clamor
613 2483 784 2560 caelumque
804 2485 939 2560 remugit

144 2564 311 2627 adcelerant
332 2571 396 2625 acta
417 2567 527 2642 pariter
549 2567 694 2627 testudine
716 2566 811 2626 Volsci
1104 2578 1159 2628 bue

145 2656 174 2711 et
196 2647 289 2709 fossas
309 2646 434 2725 implere
454 2656 560 2726 parant
579 2667 614 2709 ac
632 2647 740 2708 vellere
760 2647 875 2710 vallum.

145 2739 291 2810 quaerunt
312 2747 381 2808 pers
401 2730 512 2791 aditum
530 2739 560 2792 et
576 2729 662 2791 scalis
683 2731 843 2794 ascendere
864 2751 974 2804 muros,

145 2832 202 2893 qua
225 2831 293 2873 rara
316 2820 360 2874 est
381 2815 458 2874 acies
477 2814 692 2893 interlucetque
712 2832 821 2877 corona

145 2915 205 2958 non
226 2904 285 2958 tem
306 2897 398 2975 spissa
419 2899 497 2960 viris.
529 2898 655 2960 telorum
676 2899 826 2962 effimdere
848 2910 950 2961 contra

146 2999 234 3044 omne
255 2998 346 3058 genus
367 2979 474 3043 'leucri
496 3001 531 3044 ac
554 2983 636 3045 duris
657 2982 815 3046 detrudere
836 2987 938 3053 contis,
1106 2994 1159 3046 διο

146 3066 258 3126 adsueti
277 3064 365 3143 longo
385 3083 487 3127 munros
509 3067 669 3129 defendere
690 3067 776 3130 belle.

145 3165 214 3208 sere
237 3167 353 3227 queque
374 3148 480 3211 infeste
502 3150 656 3213 volvebant
676 3153 817 3230 pondere,
840 3154 921 3231 siqua

146 3239 266 3311 possent
287 3239 392 3293 tectam
415 3235 507 3295 aciem
530 3252 738 3313 perrumpere:
759 3253 830 3296 uum
852 3245 947 3298 tamen
970 3238 1065 3296 omnis

147 3314 224 3374 serre
246 3315 323 3374 iuvet
344 3323 444 3392 supter
467 3318 557 3379 dense
579 3318 725 3378 testudine
748 3322 852 3380 casus?

145 3415 202 3458 nec
218 3398 276 3457 iam
298 3397 454 3459 sufficiunt.
487 3418 554 3460 nem
575 3418 632 3479 qua
652 3400 757 3479 globus
776 3404 911 3466 imminet
932 3406 1044 3480 ingens,
1106 3413 1157 3464 ult

147 3482 304 3542 immanem
328 3481 435 3542 Teucri
456 3481 564 3546 molem
586 3482 760 3566 volvuntque
778 3498 933 3569 ruuntque,
