2512 4096
400 273 542 322 vnnernr
559 271 683 320 anneis
703 271 738 319 v1
1020 260 1079 322 215

69 429 210 506 tertiaque
231 445 312 489 arma
333 427 410 504 patri
431 427 590 504 suspendet
610 436 693 506 capta
716 424 863 500 Quirino'

68 519 156 589 atque
176 511 225 573 hic
246 510 358 572 Aeneas
381 509 448 588 (una
466 526 592 590 namque
612 512 657 572 ire
675 509 791 572 videbat
1014 517 1081 572 -860

68 595 219 671 egregium
241 594 334 654 lorma
355 593 488 653 iuvenem
512 602 540 653 et
561 592 738 672 fulgentibus
757 593 858 662 armis,

68 675 119 738 sed
134 677 215 738 frons
236 676 310 738 laeta
332 693 435 752 parurn
459 684 488 737 et
511 677 622 737 deiecto
642 676 752 736 lumina
772 673 860 755 voltu)

69 761 165 838 ‘quin
189 769 287 839 pater,
308 758 370 829 ille,
393 760 487 819 virum
509 762 558 837 qui
580 762 621 820 sic
645 761 800 820 comitatur
820 758 955 834 euntemi

67 841 143 905 tilius
164 860 240 905 anne
262 842 364 921 aliquis
386 861 490 921 magna
512 844 549 904 de
570 845 661 922 stirpe
682 843 843 921 nepotum?

68 927 118 1005 qui
135 928 273 1005 strepitus
293 927 370 986 circa
394 928 545 987 comitum!
568 934 709 1006 quantum
733 928 825 987 instar
846 927 876 984 in
897 924 961 1003 ipso
1030 935 1080 990 865

68 1008 188 1071 sednon
209 1017 272 1071 atra
294 1019 380 1088 eaput
403 1009 477 1069 tristi
499 1008 687 1071 circumvolat
710 1007 840 1070 umbra’

69 1100 130 1153 tum
149 1101 232 1171 pater
254 1092 394 1153 Anchises
416 1092 542 1154 lacrimis
562 1094 713 1172 ingressus
736 1092 846 1153 obortis

68 1178 102 1234 ‘o
120 1183 219 1253 gnate,
243 1176 390 1252 ingentem
413 1175 524 1236 luctum
542 1195 580 1237 ne
602 1195 711 1254 quaere
729 1184 857 1243 tuorum.

69 1257 223 1320 ostendent
241 1259 327 1318 terris
348 1258 426 1318 lrunc
445 1267 557 1319 tantum
580 1259 638 1320 lata
659 1278 755 1338 neque
773 1259 848 1319 ultra

69 1359 133 1404 esse
155 1342 259 1402 sinent
288 1341 423 1401 nimium
444 1341 525 1402 vobis
544 1341 675 1403 Romana
696 1358 828 1421 propago

67 1426 127 1486 visa
150 1433 267 1503 potens,
291 1426 408 1502 superi·
425 1426 544 1502 propria
565 1426 640 1486 haee
660 1428 684 1485 si
707 1426 782 1485 dona
806 1424 936 1485 luissent.

69 1516 193 1588 quantos
214 1507 262 1568 illo
283 1509 378 1568 virum
397 1525 532 1586 magnam
553 1508 689 1569 blavortis
712 1508 748 1570 ad
767 1508 872 1570 urbem

69 1608 189 1669 campus
208 1599 275 1668 aget
294 1592 431 1669 gemitus!
453 1591 498 1653 rel
520 1611 609 1671 quae,
632 1592 783 1663 Tiberine,
806 1590 917 1653 videbis

67 1673 187 1745 lunera,
208 1693 275 1735 cum
297 1674 440 1736 tumulum
462 1675 679 1754 praeterlabere
701 1677 864 1739 recentem!

67 1776 124 1820 nec
144 1776 219 1837 puer
240 1757 326 1820 Iliaca
348 1760 501 1837 quisquam
523 1760 559 1821 de
581 1769 666 1838 gente
687 1760 805 1822 Latinos

67 1843 97 1902 in
118 1849 231 1903 tantum
251 1860 304 1920 spe
324 1841 405 1903 tollet
428 1861 510 1913 avos,
533 1861 588 1905 nec
609 1844 732 1905 Romula
757 1842 904 1922 quondam

68 1924 127 2002 ullo
149 1944 182 1986 se
203 1932 315 1986 tantum
333 1925 418 1986 tellus
436 1926 554 1987 iactabit
576 1926 702 1988 alurnno.

67 2008 126 2069 beu
145 2008 251 2085 pietas,
275 2008 334 2068 heu
355 2010 451 2086 prisca
467 2008 541 2070 lides
561 2010 725 2087 inmotaque
742 2007 819 2068 bello
898 2015 901 2021 '

69 2091 201 2150 dextera!
221 2107 281 2149 non
302 2089 395 2150 illiso
416 2092 568 2170 quisquam
589 2095 698 2168 inpune
720 2089 834 2152 tulisset

68 2172 170 2234 obvius
187 2180 313 2241 armato,
334 2189 474 2234 seucum
496 2174 586 2250 pedes
605 2174 660 2234 iret
682 2175 712 2233 in
734 2173 847 2233 hostem

67 2274 121 2317 seu
140 2255 301 2335 spumantis
323 2256 390 2333 eqni
412 2254 525 2316 lederet
546 2255 707 2316 calcaribus
730 2274 837 2317 armos.

67 2340 126 2401 beu
146 2337 311 2400 miserande
331 2356 422 2416 puer,
445 2340 527 2417 siqua
550 2338 607 2400 lata
629 2357 732 2416 aspera
755 2357 890 2418 rumpas,
980 2360 988 2369 ·

67 2431 100 2484 tu
121 2420 276 2484 Marcellus
298 2423 365 2482 eris.
409 2422 544 2485 manibus
565 2423 631 2485 date
653 2422 711 2484 lilia
731 2424 840 2502 plenis,

67 2523 235 2585 purpureos
254 2523 392 2586 spargam
411 2506 501 2568 liores
518 2508 703 2587 animamque
722 2508 836 2585 nepotis

68 2590 113 2650 his
135 2588 237 2651 saltem
257 2589 442 2651 adcumulem
463 2590 547 2652 donis
569 2599 597 2651 et
615 2591 720 2670 lungar
741 2591 820 2652 inani

68 2673 214 2735 munere.'
257 2674 299 2735 sio
316 2680 375 2734 tota
398 2675 506 2752 passim
524 2677 645 2755 regione
665 2683 806 2756 vagantur

68 2759 145 2818 aeris
166 2758 196 2818 in
218 2759 328 2837 campis
348 2757 413 2819 latis
436 2766 522 2837 atque
543 2760 639 2820 omnia
660 2757 793 2821 lustrant.

68 2858 143 2919 quae
165 2848 320 2920 postquam
341 2841 482 2903 Anchises
503 2850 603 2903 natum
622 2861 676 2920 per
697 2842 810 2922 singula
831 2843 914 2904 duxit

67 2921 254 3000 incenditque
270 2924 399 2984 animum
418 2923 512 2986 lamae
534 2926 674 2986 uenientis
693 2944 807 2998 amore,

69 3006 146 3066 exim
165 3003 242 3066 bella
260 3005 323 3067 viro
344 3014 487 3067 memorat
509 3026 583 3086 quae
605 3008 709 3069 deinde
731 3008 858 3085 gerenda

68 3088 281 3167 Laurentisque
303 3088 389 3152 docet
405 3089 529 3168 populos
550 3091 714 3170 urbemque
734 3092 828 3153 Latini

69 3181 99 3232 et
119 3189 177 3250 quo
197 3190 342 3252 quemque
363 3173 451 3236 modo
469 3173 618 3254 fugiatque
643 3173 776 3255 seratque
796 3174 936 3239 laborem.

112 3254 187 3316 Sunt
208 3257 340 3332 geminae
360 3257 461 3320 Somni
478 3266 598 3339 portae;
622 3277 746 3336 quarum
769 3257 859 3321 altera
879 3261 971 3322 fertur

69 3355 191 3410 cornea,
215 3356 271 3418 qua
292 3342 369 3401 veris
390 3341 481 3404 lacilis
503 3343 588 3404 datur
613 3344 706 3405 exitus
724 3342 852 3414 umbris,

69 3420 159 3484 altera
181 3420 316 3484 candenti
336 3425 464 3501 perlecta
482 3428 578 3489 nitens
601 3427 769 3506 elephanto,
