2512 4096
460 261 603 310 viritem
616 261 742 310 ‘Annum
760 263 796 309 xi

124 414 285 476 succedunt
301 422 410 476 matres
431 421 460 475 et
475 414 616 493 templum
638 422 703 476 ture
724 426 865 494 vaporant

125 504 152 560 et
170 503 296 558 maestas
316 495 374 558 alto
394 496 519 558 fundunt
540 497 577 559 de
597 497 698 559 limine
717 516 817 560 voces:

125 582 328 659 ‘armipotens
349 597 467 658 praeses
491 580 568 651 belli,
590 581 721 642 Tritonia
744 582 834 660 virgo,

124 665 227 742 frange
247 681 336 725 manu
357 662 447 724 telum
469 663 587 743 Phrygii
604 663 761 742 praedonis
784 673 813 725 et
833 667 928 743 ipsum

125 765 251 827 pronum
272 753 370 808 sterne
387 745 450 806 solo
472 747 622 824 portisque
643 746 760 808 effunde
780 747 834 809 suh
855 748 938 810 altis!

124 831 249 910 cingitur
271 831 335 909 ipse
356 828 457 892 furens
479 830 616 891 certatim
631 832 662 890 in
682 829 794 909 proelia
812 830 939 894 Turnus.

122 915 240 992 iamque
261 913 335 975 adeo
353 911 473 975 rutilum
494 913 615 975 thoraca
631 913 750 975 indutus
767 917 848 976 aenis

123 996 266 1061 horrebat
284 997 413 1075 squamis
434 1014 577 1075 surasque
599 996 758 1059 incluserat
779 1014 861 1067 auro,

123 1088 257 1158 tempora
277 1079 374 1141 nudus
394 1080 499 1149 adhuc,
520 1079 663 1159 laterique
685 1082 851 1142 accinxerat
873 1099 971 1142 ensem

124 1161 313 1241 fulgebatque
334 1161 391 1222 alta
413 1163 575 1224 decurrens
597 1181 703 1225 aureus
722 1182 800 1233 arce,

124 1244 294 1324 exultatque
314 1245 417 1306 animis
439 1253 468 1306 et
488 1263 540 1325 spe
562 1248 619 1307 iarn
639 1248 783 1325 praecipit
803 1246 932 1308 hostem:

124 1327 216 1408 qualis
239 1327 288 1389 uhi
306 1326 440 1407 abruptis
462 1328 537 1405 fugit
557 1334 731 1410 praesaepia
753 1330 856 1394 vinclis

124 1411 243 1474 tandem
262 1409 337 1472 liber
360 1429 429 1473 ecus
448 1429 611 1489 campoque
632 1414 743 1490 potitus
765 1418 866 1491 aperto

123 1503 174 1557 aut
194 1493 242 1555 ille
260 1495 291 1555 in
311 1500 413 1574 pastus
432 1502 621 1573 armentaque
642 1495 733 1556 tendit
754 1513 895 1574 equarum

124 1587 175 1640 aut
195 1577 333 1639 adsuetus
354 1595 446 1657 aquae
468 1577 605 1655 puiundi
624 1576 744 1639 flumine
760 1585 831 1640 noto

124 1662 230 1724 emicat
253 1662 434 1740 arrectisque
455 1661 553 1723 iremit
576 1661 739 1722 cervicibus
759 1661 816 1723 alte

122 1744 283 1814 luxurians,
301 1743 463 1824 luduntque
482 1743 571 1806 iubae
591 1761 644 1822 per
668 1743 751 1815 colla,
774 1763 828 1823 per
850 1765 956 1808 armos.

123 1828 207 1890 obvia
229 1827 277 1889 cui
294 1826 467 1889 Volscorum
489 1828 551 1888 acie
570 1829 725 1889 comitante
748 1827 867 1890 Camilla

122 1912 253 1973 occurrit
271 1913 424 1991 portisque
446 1911 483 1972 ab
504 1928 580 1989 equo
602 1912 704 1989 regina
725 1911 780 1972 sul>
799 1913 870 1990 ipsis

122 1993 246 2064 desiluit,
266 2012 353 2073 quam
374 2002 434 2054 tota
456 1993 563 2054 cohors
582 1994 692 2054 imitata
713 1993 821 2054 relictis

122 2077 160 2138 ad
180 2084 291 2136 terram
313 2074 435 2137 defluxit
457 2077 555 2153 equis3
578 2082 640 2135 tum
662 2074 730 2136 talia
753 2075 847 2136 latur:

123 2159 249 2228 ‘'lurne,
272 2160 319 2219 sul
342 2159 448 2218 merito
467 2159 550 2235 siqua
574 2166 618 2218 est
638 2157 746 2218 fiducia
764 2157 842 2227 lorti,

123 2241 216 2304 audeo
238 2248 267 2302 et
287 2241 456 2303 Aeneadum
476 2240 615 2319 promitto
638 2257 797 2302 occurrere
819 2250 934 2303 turmae

122 2325 243 2403 solaque
264 2324 434 2404 Tyrrhenos
457 2323 569 2402 equites
590 2324 635 2383 ire
652 2322 737 2384 obvia
761 2333 871 2385 contra.

122 2427 171 2469 me
192 2409 254 2468 siue
273 2408 370 2487 prima
389 2424 478 2468 manu
497 2413 642 2482 temptare
664 2406 794 2485 pericula
812 2407 881 2469 belli

121 2501 155 2552 tu
176 2489 266 2567 pedes
284 2491 322 2551 ad
343 2507 444 2552 muros
467 2488 593 2551 subsiste
611 2498 641 2550 ot
660 2493 776 2552 moenia
799 2492 902 2553 serva!

122 2574 242 2635 Turnus
265 2574 302 2635 ad
323 2574 405 2645 haec,
429 2572 530 2636 octdos
551 2572 699 2635 horrenda
719 2575 749 2635 in
769 2575 882 2654 virgine
903 2575 992 2636 fixus:

125 2666 157 2716 ¹o
179 2657 268 2720 decus
286 2656 386 2719 ltaliae
406 2657 497 2737 virgo,
521 2675 593 2736 quas
612 2659 711 2719 dicere
733 2668 830 2735 grates

123 2758 232 2820 quasve
251 2741 366 2804 referre
386 2742 509 2822 parem?
531 2741 583 2802 sed
603 2759 691 2812 nuuc,
715 2750 759 2802 est
780 2741 875 2802 omnia
896 2742 1013 2818 quando

121 2827 178 2886 iste
197 2825 311 2887 anlmus
330 2843 446 2903 supera,
466 2842 582 2885 mecum
600 2825 711 2904 partire
733 2824 875 2886 laborem.

122 2909 245 2978 deneas,
271 2916 304 2968 ut
325 2907 402 2968 lama
419 2906 507 2967 fldem
528 2907 667 2984 missique
688 2917 841 2984 reportant

124 2989 334 3068 exploratores,
359 2990 488 3069 equitum
508 2986 582 3048 levia
601 2989 744 3066 inprobus
765 3007 847 3050 arum

123 3073 283 3152 praemisit,
307 3078 462 3151 quaterent
479 3087 613 3148 campos;
632 3071 695 3149 ipse
712 3071 805 3132 ardua
826 3073 934 3132 montis

124 3157 312 3236 perdeserta
332 3157 401 3232 iugo
422 3171 564 3233 superans
581 3153 717 3215 adventat
738 3155 775 3215 ad
792 3152 906 3215 urbem·

124 3240 201 3301 lurta
221 3256 294 3317 paro
314 3239 384 3301 belli
405 3255 533 3300 convexo
553 3239 584 3297 in
606 3237 722 3299 tramite
743 3237 839 3309 silvae,

125 3331 157 3385 ut
178 3322 269 3384 bivias
291 3330 403 3384 armato
426 3321 557 3383 obsidam
579 3320 671 3383 milite
692 3322 800 3383 lauces.

124 3417 157 3469 tu
178 3406 364 3486 Tyrrhenum
386 3407 513 3485 equitem
537 3404 657 3467 conlatis
680 3405 781 3483 excipe
801 3405 906 3482 signis:

126 3500 222 3553 mcum
247 3507 314 3551 acer
336 3491 487 3566 Messapus
509 3490 564 3550 erit
584 3496 757 3567 turmaeque
777 3489 895 3551 Latinae
