2512 4096
179 236 242 303 280
517 249 659 299 vunnmr
677 250 856 301 unumsrx

177 421 271 488 equos
292 404 364 466 alios
385 421 495 474 muros,
519 421 602 482 quae
616 405 674 468 iarn
691 405 769 468 ultra
790 408 905 470 moenia
926 407 1058 470 habetis?

181 508 257 555 unns
278 489 368 550 bomo
389 495 418 549 et
440 490 552 558 vestris,
576 507 594 548 c
616 491 703 561 cives,
721 491 852 570 undique
875 499 992 571 saeptus

181 573 339 653 aggeribus
360 577 455 632 mutas
476 578 589 649 strages
609 573 718 653 inpune
738 591 793 651 per
814 574 918 636 mbem

182 656 323 722 ediderit?
345 657 485 716 iuvenum
508 656 621 735 primos
641 664 685 718 tot
701 659 814 720 miserit
835 657 928 719 Orco?

181 761 240 804 non
260 737 385 803 infelicis
405 740 516 818 patriae
537 747 727 820 veterumque
748 742 870 803 deorum

182 834 211 888 et
231 824 329 902 magni
350 825 476 893 Aeneae,
497 839 613 901 segnes,
633 825 810 903 miseretque
831 825 1010 904 pudetquei'

181 908 287 971 talibus
308 907 425 970 accensi
445 908 599 969 firmantur
619 914 650 969 et
668 911 784 986 agmine
804 909 895 970 denso

181 994 354 1054 consistunt.
387 988 505 1052 Turnus
527 989 667 1069 paulatim
689 992 831 1053 excedere
853 1009 951 1070 pugna

182 1085 211 1139 et
231 1075 352 1137 flurium
372 1081 475 1153 petere
497 1092 532 1136 ac
548 1080 679 1152 partem,
702 1094 779 1154 qnae
799 1076 1037 1152 singidunum:

181 1163 278 1222 acrius
302 1159 360 1219 hoc
378 1156 486 1219 Teucri
506 1157 824 1221 clamoreiucumbere
846 1176 952 1236 magno

181 1253 210 1307 et
230 1243 396 1321 glomerare
416 1259 546 1305 manum.
577 1259 634 1303 ceu
653 1260 770 1304 saevom
791 1241 878 1304 turbe
900 1243 1014 1304 leonem

181 1347 249 1389 cum
267 1325 332 1388 telis
352 1327 461 1404 premit
480 1324 609 1395 infensis,
632 1328 802 1388 atterritus
821 1325 878 1394 ille,

181 1427 277 1489 asper,
297 1409 404 1471 acerba
425 1417 519 1478 tuens,
542 1416 623 1471 retro
644 1411 729 1481 redit,
750 1417 780 1472 et
797 1428 894 1489 neque
913 1420 995 1488 terga

180 1497 224 1556 ira
246 1493 316 1553 dare
338 1499 388 1553 aut
408 1496 500 1554 virtus
521 1495 640 1571 patitur,
662 1512 717 1556 nec
737 1494 859 1556 tendere
878 1503 979 1556 contra

180 1576 228 1638 ille
245 1576 363 1655 quidem
384 1576 442 1637 hoc
462 1578 584 1654 cupiens
600 1579 678 1655 potis
700 1585 743 1639 est
763 1596 818 1656 per
840 1578 895 1641 tela
915 1582 1067 1658 virosque:

180 1661 252 1721 haut
274 1658 358 1721 allter
378 1666 459 1720 retro
481 1659 588 1721 dubius
609 1663 728 1739 vestigia
749 1661 868 1723 Turnus

179 1745 367 1823 Inproperata
387 1741 488 1813 refert,
511 1751 541 1804 et
561 1760 644 1803 mene
663 1751 813 1806 exaestuat
831 1747 884 1806 ira.

180 1829 251 1907 quin
273 1828 361 1888 etiam
379 1824 425 1886 bis
448 1832 510 1886 tum
529 1825 808 1888 medios-invaserat
828 1827 929 1898 hostis,

179 1911 226 1972 bis
248 1909 369 1971 confusa
390 1910 459 1986 iuga
480 1926 535 1987 per
555 1927 657 1972 muros
679 1912 795 1989 agmina
813 1914 912 1981 vertit;

179 1995 232 2056 sed
252 2011 357 2055 manus
380 2012 397 2055 e
418 1995 521 2055 castris
543 2011 671 2074 propere
693 1995 752 2056 coit
773 1998 867 2057 omnis
888 1998 918 2056 in
940 2013 1040 2063 unum,

180 2096 236 2140 nec
258 2083 359 2139 contra
380 2079 456 2139 vires
479 2077 567 2138 audet
588 2079 724 2140 Saturnia
744 2079 817 2141 luno

179 2163 325 2232 sufficere,
348 2162 459 2222 aeriam
480 2161 563 2223 caelo
584 2179 654 2223 nem
674 2162 806 2242 luppiter
828 2163 898 2224 Irim

180 2247 295 2309 demisit
315 2262 473 2323 germanae
493 2244 571 2307 baud
593 2246 692 2308 mollia
712 2247 791 2309 iussa
813 2245 968 2314 ferentem,

179 2331 210 2390 ni
229 2328 348 2390 Turnus
370 2328 454 2390 cedat
474 2327 659 2392 Teucromm
679 2329 836 2392 moenibus
856 2330 930 2391 utre
1137 2336 1192 2388 eoo

179 2430 251 2491 ergo
273 2429 330 2474 nec
352 2410 446 2490 clipeo
467 2413 580 2476 iuvenis
601 2415 761 2476 subsistere
781 2420 893 2475 tantum

179 2514 234 2558 uec
253 2495 355 2556 dextra
377 2495 467 2559 valet:
488 2498 603 2560 iniectis
625 2499 669 2558 sic
690 2497 819 2575 undique
838 2497 902 2558 telis

179 2579 325 2642 obruitur.
361 2581 466 2658 strepit
485 2581 608 2644 adsiduo
630 2598 699 2642 cara
721 2588 855 2660 tempora
876 2583 986 2642 circum

178 2664 285 2726 tinnitu
302 2664 394 2742 galea,
419 2672 448 2726 et
469 2668 547 2728 saxis
569 2664 663 2726 solida
684 2680 753 2725 aera
770 2664 916 2733 fatiscunt,

179 2747 385 2827 discussaeque
405 2749 493 2811 iubae
510 2749 607 2826 capiti,
630 2765 687 2810 nec
704 2747 812 2809 sufficit
833 2747 923 2809 umbo
1136 2753 1192 2807 810

178 2830 299 2892 ictibus:
319 2832 500 2910 ingeminant
519 2832 611 2893 hastis
632 2839 661 2893 et
680 2832 774 2894 Troes
798 2839 826 2894 et
847 2833 910 2911 ipse

178 2914 335 2978 fulmineus
353 2915 530 2978 Mnestheus.
563 2920 626 2976 tum
648 2921 710 2979 toto
732 2933 858 2995 corpore
877 2916 967 2978 sudor

177 2998 297 3077 liquitur
318 3007 348 3060 et
367 2999 484 3078 piceum
507 2998 573 3079 (nec
593 3001 742 3080 respirare
764 3001 903 3080 potestas)

178 3081 288 3145 flumen
309 3082 387 3161 agit;
409 3080 503 3142 fessos
523 3085 616 3163 quatit
637 3101 725 3163 aeger
749 3084 895 3147 anhelitus
917 3091 1005 3146 artus.

177 3173 240 3228 tum
262 3167 380 3228 demum
398 3183 542 3245 praeceps
565 3168 641 3230 saltu
662 3186 730 3231 sese
751 3168 887 3229 omnibns
905 3167 993 3227 armis
1137 3171 1193 3225 815

177 3251 208 3310 in
230 3249 350 3310 fluvium
372 3248 469 3310 dedit:
492 3250 542 3312 ille
563 3270 703 3313 succum
724 3252 839 3329 gurgite
857 3250 931 3310 ssavo

178 3333 291 3411 accepit
310 3331 476 3394 venientem
497 3353 532 3397 ac
553 3334 690 3396 mollibus
708 3333 809 3396 extulit
830 3334 917 3394 turdis

178 3423 207 3475 et
223 3414 331 3476 laetum
352 3416 439 3477 sociis
460 3416 559 3479 abluta
581 3419 671 3478 caede
688 3416 809 3478 remisit

577 3567 776 3579 ——n--n—-n
