2512 4096
283 338 286 346 .
334 306 366 352 n.
381 305 527 355 vnnemr
548 305 703 356 nunonis
725 303 914 352 nuenario.
1057 277 1131 352 οταν

123 467 251 526 traditum
269 481 321 523 neo
339 463 478 539 probabile
498 471 555 522 est:
576 465 657 522 immo
678 464 805 526 schedas.
831 465 860 520 ln
882 460 979 537 quibus
999 462 1085 519 multa
1103 470 1132 518 et

122 558 269 609 mutaverat
284 556 312 607 et
331 548 483 612 addiderat,
503 548 609 606 relictas
625 548 657 605 ab
672 566 705 606 eo
721 549 798 604 amici
818 554 882 622 post
902 554 1016 603 mortem
1033 553 1063 602 ut
1083 562 1132 620 po·

122 644 199 693 tuere
213 636 242 692 ln
257 633 378 690 ordinem
393 633 561 707 redegerunt
569 626 599 705 ¹).

206 718 337 792 Georgica
353 717 417 773 dum
431 715 524 773 scribit
538 724 620 790 poeta
633 717 780 791 plurimum
800 716 930 790 temporis
945 716 975 770 in
990 713 1133 789 Campania

121 804 274 877 ceterisque
285 801 375 857 ltaliae
387 800 568 857 meridionalis
579 800 745 875 regionibus.
758 800 870 856 maxlme
882 808 972 856 autern
982 798 1093 873 Neapoli
1104 800 1133 854 iu

121 887 188 944 urbe
204 884 317 944 ‘studiis
337 883 465 959 ignobilis
487 884 542 941 oti'
557 883 613 959 (ge.
628 885 662 941 lV
676 884 738 943 563
754 882 827 959 sqq.)
842 877 988 956 dorente²p
1007 899 1133 940 consum-

120 973 186 1046 psit.
217 971 297 1026 etiam
311 984 358 1024 rus
373 967 456 1025 Nolae
470 969 652 1044 propinquum
667 969 793 1025 habuisse
805 968 912 1024 videtur
918 961 942 1040 ³)
956 983 1008 1023 nec
1022 967 1132 1023 omuino

121 1053 304 1129 inprobabile,
326 1051 464 1126 Campanis
484 1053 656 1126 potissimum
676 1052 792 1126 praediis
807 1051 947 1108 Caesarem
962 1051 1060 1107 dudini
1075 1052 1134 1124 agri

122 1138 249 1195 domnum
262 1129 486 1210 compensavisse.
513 1137 658 1193 Tarentum
664 1130 688 1209 4)
703 1154 733 1194 se
748 1137 847 1193 vidisse
858 1142 948 1192 narrat
959 1151 1004 1209 ge.
1015 1135 1049 1191 lV
1062 1133 1133 1199 125,

123 1229 152 1278 et
172 1237 235 1278 vere
254 1222 317 1277 enni
337 1221 397 1277 717
419 1236 480 1276 cum
500 1221 579 1277 Vario
599 1221 744 1296 Plotioque
765 1220 909 1277 Sinuessae
929 1219 1042 1276 lloratlo
1068 1227 1135 1275 tunc

123 1305 329 1362 familiarissimo
340 1320 401 1360 cum
415 1306 576 1361 occurrisset
590 1305 737 1380 inprouiso,
754 1321 877 1361 unacum
893 1320 925 1359 eo
941 1311 970 1360 et
983 1303 1134 1360 Maecenate

124 1389 237 1463 albaque
263 1389 317 1444 iter
336 1387 526 1445 Brundisinum
546 1383 702 1462 coniectat).
738 1406 799 1446 nam
824 1387 969 1444 tradiderat
989 1387 1134 1444 Maecenati

123 1473 264 1530 Horatium
279 1489 312 1529 ex
328 1471 436 1528 Graecia
451 1489 475 1527 u.
492 1472 552 1530 713
568 1474 694 1530 reducem
714 1475 766 1529 iam
787 1489 856 1530 anno
873 1472 933 1531 715
956 1479 1072 1529 exeunte
1086 1470 1135 1530 vel

191 1633 212 1700 ί)
230 1635 301 1689 Vide
320 1636 445 1702 prolegg.
464 1639 548 1702 caput
567 1637 618 1688 111.

191 1702 212 1767 ²)
233 1703 276 1753 Of.
295 1702 393 1754 Strabo
412 1706 437 1756 V
459 1707 474 1755 7
497 1720 524 1769 p.
542 1706 592 1756 246
614 1700 783 1756 ἐπιτείνουσι
807 1702 838 1754 δὲ
860 1702 915 1766 τὴν
939 1700 969 1754 ἐν
994 1700 1135 1754 Νεαπόλει

122 1769 267 1834 διαγωγὴν
279 1769 333 1834 τὴν
346 1768 514 1836 Ἑλληνικὴν
533 1769 559 1824 οἱ
577 1770 607 1822 ἐκ
618 1773 670 1837 τῆς
688 1770 803 1838 Ῥώμης
821 1769 1033 1836 ἀναφορσδντες
1051 1768 1136 1834 δεθρο

124 1834 241 1902 ἡσυχίας
262 1835 342 1903 χάριν
363 1841 423 1890 τῶν
441 1836 498 1890 ἀπὸ
516 1836 642 1901 παιδείας
659 1838 858 1905 ἐργασαμένων
876 1837 893 1900 ἢ
912 1837 958 1888 καί
976 1836 1072 1888 ἄλλων
1091 1834 1135 1886 διὰ

121 1904 239 1970 γῆραςῆ
259 1903 405 1957 ἀσθένειαν
422 1904 595 1958 ποθούντων
608 1905 640 1958 ἐν
657 1904 750 1958 ἀνέσει
768 1908 828 1969 ζῆν.
845 1905 964 1955 καὶτῶν
983 1903 1041 1955 Ῥω
1064 1900 1136 1952 αίων

122 1971 153 2023 δ’
170 1971 239 2024 ἔνιοι
259 1971 402 2037 Ιγιιίροντες
422 1977 464 2038 τῷ
488 1970 539 2038 βίψ
558 1972 669 2037 τούτῳ,
693 1975 869 2038 θεωροῦντες
891 1969 927 2021 τὸ
951 1917 1063 2033 πλῆθσζ
1075 1971 1136 2019 τῶν

123 2038 181 2090 ἀπὸ
198 2042 250 2104 τῆς
267 2038 355 2104 αὐτῆς
377 2040 517 2104 διαγωγῆς
534 2039 750 2107 ἐπιδημούντων
773 2035 897 2102 ἀνδρῶν,
922 2034 1039 2099 ἄσμενοι
1057 2036 1136 2098 φιλο·

123 2109 248 2173 χωροῦσι
271 2106 316 2158 καί
339 2108 424 2160 Ζῶσιν
447 2106 555 2160 αὐτόθι.
589 2107 702 2157 Horatii
724 2105 804 2170 epod.
823 2106 847 2156 V
864 2105 898 2153 43
916 2100 1009 2154 Ovidii
1026 2108 1136 2158 metam.

122 2176 175 2227 XV
193 2177 242 2225 712
261 2174 346 2224 Statii
363 2175 423 2225 silv.
440 2175 483 2224 111
500 2176 528 2236 5,
546 2176 581 2226 85
600 2172 662 2224 Silii
678 2173 734 2223 XII
751 2175 783 2222 31
796 2185 856 2236 sqq.

192 2241 213 2305 ³)
232 2243 370 2304 ‘scripturn
386 2245 413 2290 in
431 2242 538 2305 quodam
549 2242 727 2290 commentario
738 2241 846 2304 repperi
861 2253 948 2288 uerene
964 2240 1027 2290 istor
1038 2255 1055 2288 a
1069 2240 1136 2290 Ver-

122 2310 184 2374 pilio
202 2310 240 2358 ito
254 2311 363 2371 primum
375 2322 430 2357 esre
442 2308 565 2358 recitatos
576 2315 652 2372 atque
668 2309 766 2358 editor.-
785 2307 887 2356 “talem
905 2342 912 2356 .
928 2341 955 2360 ..
973 2307 1041 2356 Noto
1053 2309 1135 2370 inpo”

125 2375 180 2440 (ge.
200 2375 228 2424 11
246 2372 322 2439 225);
341 2378 446 2438 ‘postea
467 2375 604 2441 Verpilinm
620 2377 715 2439 petisse
727 2392 744 2425 σ
756 2375 863 2425 Nolanis
875 2390 967 2440 aquam
978 2375 1015 2424 nti
1032 2376 1137 2425 duceret

123 2460 151 2494 cn
166 2445 335 2507 propinquum
353 2457 411 2501 rue,
430 2443 544 2493 Nolanos
562 2442 706 2505 beneficium
722 2444 826 2506 petitum
843 2458 895 2493 non
910 2443 1016 2505 feca‘eae,
1034 2449 1137 2506 pectant

123 2511 247 2575 offenrrnn
259 2525 346 2560 nornen
358 2510 428 2560 urbis
445 2526 530 2560 eornm
542 2513 617 2577 qnasi
632 2526 668 2560 eac
684 2511 806 2561 bominum
817 2511 948 2569 memoria,
968 2511 1005 2559 sic
1023 2525 1058 2558 eac
1075 2524 1135 2558 cor·

123 2579 188 2627 mine
199 2593 244 2629 sno
257 2579 385 2628 denarrare
402 2592 548 2644 oramque
565 2594 615 2642 pro
632 2579 660 2627 N
663 2581 693 2628 οἱ
698 2594 715 2627 a
732 2585 928 2643 mutassentque
940 2578 1136 2642 itarelian'eae:

124 2649 178 2695 “et
193 2646 277 2695 vicina
298 2646 329 2695 V.
349 2660 397 2696 ora
414 2647 487 2710 iupo’
507 2645 612 2697 Gellius
629 2647 668 2698 VI
686 2643 761 2710 (VII)
774 2648 815 2698 20.
834 2646 872 2698 cf.
889 2643 1082 2709 Philargyriue
1101 2643 1136 2693 ad

124 2727 168 2778 ge⁴
191 2713 220 2763 11
242 2714 291 2762 225
314 2711 426 2764 Servius
448 2713 485 2763 ed
506 2712 571 2764 Aen.
595 2714 648 2766 VII
670 2716 728 2766 740.
753 2713 866 2763 defendi
893 2713 1080 2762 narrationem
1106 2711 1137 2760 in

125 2777 395 2910 Ρτοιθίξὲῥοῖἳιέξίίσε
413 2847 486 2914 quod
504 2847 573 2913 eleg.
590 2848 633 2898 IIl
650 2849 697 2910 34,
716 2849 747 2897 67
765 2845 918 2911 Vergilium
936 2846 1063 2896 ‘umbroso'
1078 2846 1135 2895 snb·

124 2921 166 2964 ter
182 2915 271 2977 pineta
290 2914 417 2975 Galaesi',
435 2914 461 2964 h.
475 2931 498 2964 e.
516 2915 546 2964 in
558 2930 625 2980 egro
637 2917 788 2965 'Ferentino
801 2929 900 2964 canere
918 2912 1135 2974 buccinantem,

126 2985 203 3032 certa
220 2980 365 3030 memoriae
382 2979 436 3032 fide
449 2997 503 3031 non
520 2983 633 3032 nititur:
650 2984 731 3032 immo
749 2983 799 3033 ille
812 2984 873 3033 orta
890 2987 956 3032 sunt
973 2981 1074 3046 partim
1089 2980 1137 3030 ubi

125 3049 230 3101 ‘viridis
253 3055 356 3098 tenerae
375 3051 509 3112 praetendi
531 3051 672 3100 harundine
694 3053 768 3113 ripas
785 3050 911 3100 Mineics’
930 3045 1136 3112 (ecl.V1112)‚

84 3128 88 3132 ’
125 3112 225 3183 purtim
242 3115 271 3164 in
288 3117 364 3166 urbe.
399 3115 448 3166 sed
466 3117 584 3168 fortasse
601 3116 660 3167 Iob.
680 3116 742 3168 Chr.
759 3117 874 3167 Iahnius
892 3117 921 3166 in
938 3117 1025 3182 praef.
1045 3113 1137 3179 p.VII

124 3186 201 3235 recte
220 3184 349 3243 coniecit,
369 3198 430 3234 cum
446 3183 497 3234 illc
509 3184 622 3250 scripsit
632 3184 794 3250 Propertius
807 3200 831 3234 a.
844 3186 894 3235 728
911 3184 940 3233 1ο
953 3199 1019 3249 agro
1032 3184 1136 3232 'Paren-

125 3253 184 3302 tino
201 3257 342 3302 versatum
361 3266 421 3302 esse
439 3253 601 3317 Vergilium.

192 3317 213 3381 ⁵)
233 3323 355 3383 ‘postera
371 3323 418 3370 luc
435 3321 518 3370 oritur
534 3325 609 3370 mutto
625 3321 785 3384 gratissima:
803 3334 908 3385 nomque
925 3320 1024 3370 Plotius
1041 3323 1067 3366 et
1082 3315 1134 3364 Va·

124 3388 181 3437 rius
198 3384 335 3437 Sinuessae
357 3387 534 3452 Verpiiiuoqne
553 3387 706 3446 Occurrunt,
729 3389 827 3438 animae
845 3390 933 3453 qnnlec
950 3400 1031 3451 neque
1048 3383 1136 3433 cendi-

125 3456 212 3506 de‘oree
233 3453 317 3504 Terra
338 3455 395 3503 tulit
417 3471 496 3520 neque
514 3456 571 3519 quio
588 3471 627 3505 me
643 3457 678 3505 eit
699 3456 842 3505 devinctior
858 3456 934 3507 alter.
971 3453 991 3503 0
1009 3451 1055 3516 qni
1071 3464 1137 3499 corn·

122 3525 219 3588 plexus
231 3527 257 3572 et
272 3521 368 3585 pendia
385 3528 479 3585 quanta
494 3523 618 3585 frenent!
651 3523 697 3572 Nil
712 3537 758 3586 epo
770 3522 917 3573 contulerint
933 3520 1042 3570 iracundo
1060 3529 1138 3566 ronne

124 3593 228 3642 amico!
267 3587 403 3640 Horatius
425 3593 478 3638 sat.
500 3589 515 3640 1
538 3591 575 3653 5,Ἰ
590 3592 624 3640 33
642 3604 701 3656 sqq.
743 3588 779 3638 ci.
800 3587 936 3640 Franckii
958 3587 1047 3637 festos
1070 3583 1136 3632 Hor.
