2512 4096
455 278 740 329 venumdemus
756 281 794 329 IX

102 476 104 479 -
122 431 252 494 balatum
274 443 420 505 exercent,
443 432 493 496 ille
514 451 600 512 asper
623 443 651 496 et
672 434 825 512 improbus
846 437 889 496 ira

122 517 212 577 saevit
232 518 264 578 in
285 517 422 588 absentis,
445 517 567 579 collecta
589 518 691 596 fatigat
712 518 818 579 edendi

122 619 159 660 ex
179 599 267 680 longo
288 601 385 663 rabies
405 608 434 663 et
453 604 549 663 siccae
570 603 721 680 sanguiue„
733 601 859 681 fauces):

81 683 84 689 '
123 683 202 743 baud
221 683 306 746 aliter
322 683 431 746 Rutulo
451 700 555 746 muros
576 690 605 746 et
622 692 716 745 castra
737 687 830 768 tuenti

121 769 278 843 ignescunt
298 771 369 836 irae,
394 769 475 829 duris
499 768 584 829 dolor
603 767 716 828 ossibus
739 769 831 830 ardet.

122 868 180 928 qua
201 857 324 931 temptet
340 853 453 913 ratione
475 852 569 913 aditus
591 859 620 912 et
640 870 697 931 qua
716 854 742 912 vi
764 852 877 913 clausos

122 935 249 995 excutiat
268 934 400 996 Teucros
422 934 496 996 vallo
518 943 605 1016 atquo
626 936 806 997 offunmctn
822 937 952 1016 aequari

123 1017 255 1086 classem,
279 1037 353 1096 quae
373 1019 458 1081 lateri
479 1027 644 1081 castrorum
667 1020 802 1081 adiuncta
823 1020 940 1090 latebat

124 1101 281 1177 aggeribus
302 1110 432 1181 saeptam
452 1106 563 1165 circum
583 1111 612 1164 et
632 1103 796 1165 duvmlibus
817 1104 914 1172 undis,

122 1184 230 1244 invadit
252 1187 406 1264 sociosque
427 1188 561 1248 incendia
578 1190 673 1267 poscit
692 1189 802 1248 ovantis

124 1274 211 1344 atque
230 1285 349 1329 manum
370 1271 443 1349 pinu
461 1271 595 1348 flagranti
618 1271 748 1332 fervidus
769 1272 880 1350 implet.

124 1352 182 1411 ‘sic
205 1369 264 1421 voe,
287 1371 304 1411 o
326 1351 402 1422 lecti,
424 1353 504 1414 ferro
526 1356 576 1430 qui
596 1354 732 1415 scindere
754 1354 860 1415 vallum

124 1442 246 1513 apparat
268 1443 297 1496 et
314 1451 431 1498 mecum
452 1437 561 1497 invadit
582 1438 757 1516 trepidantia
780 1441 895 1499 castra!

123 1526 186 1578 tum
208 1537 276 1579 vero
299 1519 472 1582 incumbunt
493 1521 590 1601 (urget
609 1522 775 1599 praesentia
796 1522 908 1602 Turni),

123 1607 211 1683 atque
231 1605 325 1664 omnis
345 1603 458 1665 facibus
478 1604 573 1683 pubes
592 1607 754 1683 accingitur
773 1607 854 1666 atrls.

123 1685 273 1766 diripuere
291 1687 388 1756 locos:
409 1689 527 1767 piceum
542 1688 601 1749 fert
619 1689 730 1750 fumida
752 1688 851 1752 lumen

123 1768 208 1830 taeda
231 1776 259 1831 ot
281 1773 467 1833 commixtam
486 1771 634 1834 Volcanus
655 1772 693 1833 ad
711 1781 791 1833 astra
813 1772 948 1834 favillam.

166 1851 237 1922 Quis
259 1855 339 1925 dous,
364 1875 381 1915 o
404 1873 514 1926 musae,
539 1863 599 1917 tam
619 1872 705 1917 saeva
724 1857 859 1918 incendia
881 1857 1004 1917 Teucris

72 1997 80 2009 ,
123 1939 244 1998 avertit?
266 1946 363 1999 tantm
385 1939 499 1999 ratibus
521 1942 586 2016 quis
608 1939 719 2016 depulit
740 1941 843 2016 ignes?
953 1973 956 1977 ·

124 2021 220 2080 dicite.
252 2023 349 2100 prisca
369 2023 442 2083 tides
465 2024 552 2091 lacto,
575 2023 626 2083 sed
641 2023 717 2082 lama
740 2024 889 2100 perennis.

123 2114 259 2181 tempore
281 2122 339 2182 quo
361 2106 489 2181 primum
511 2104 637 2183 Phrygia
657 2105 804 2164 formabat
824 2107 855 2165 in
875 2106 925 2166 lda

123 2189 237 2248 deneas
259 2185 382 2247 classem
406 2194 435 2247 et
456 2186 553 2265 pelagi
570 2195 672 2265 petere
694 2186 751 2247 alta
770 2187 903 2265 parabat,

126 2273 190 2349 ipsa
214 2268 301 2330 deum
319 2271 413 2330 fertur
434 2273 569 2348 genetrix
589 2271 762 2349 Berecyntia
781 2287 921 2349 maguum

124 2353 245 2414 vocibus
265 2354 310 2415 his
331 2354 427 2415 adiata
447 2354 561 2416 lovem:
585 2355 647 2424 ‘da,
671 2361 767 2433 gnate,
786 2358 907 2433 potenti,

126 2437 948 2604 aar„ttzuucuncnntuur,tnr-

125 2603 210 2666 lucus
230 2607 261 2666 in
283 2624 351 2667 arce
368 2607 422 2667 luit
441 2624 565 2677 summa,
588 2625 647 2686 quo
669 2625 753 2668 sacra
775 2607 919 2677 ferebant,

125 2689 251 2767 nigranti
271 2691 354 2769 picea
371 2690 566 2770 trabibusque
584 2692 729 2752 obscurus
750 2693 881 2753 acernis:

125 2773 177 2833 bas
200 2791 253 2851 ego
274 2773 421 2836 Dardanio
441 2775 547 2844 iuveni,
572 2794 640 2837 cum
663 2774 763 2838 classis
785 2784 894 2853 egeret,

125 2857 200 2917 laeta
222 2858 303 2924 dedi;
327 2875 406 2917 nunc
427 2857 580 2919 sollicitam
597 2861 685 2920 timor
705 2861 807 2919 anxius
828 2860 916 2934 angit.

125 2939 203 2998 solve
225 2948 319 3000 metus
342 2948 429 3017 atque
450 2942 508 3000 hoc
529 2943 668 3018 precibus
688 2944 751 3002 sine
772 2958 860 3019 posse
878 2949 1046 3019 parentem:

125 3038 163 3081 ne
187 3039 276 3082 cursu
298 3030 452 3101 quassatae
472 3022 531 3082 ullo
551 3042 609 3084 nou
630 3023 749 3090 turbine
772 3026 850 3084 venti

126 3106 287 3176 vincantur,
306 3107 399 3184 prosit
418 3108 528 3167 nostris
549 3108 578 3165 in
601 3105 749 3167 montibus
770 3106 868 3167 ortas!

125 3187 202 3250 tilius
223 3190 292 3250 huic
312 3198 423 3260 contra,
443 3198 563 3269 torquet
585 3192 633 3268 qui
655 3191 752 3252 sidera
770 3191 888 3252 mundi:

127 3283 160 3331 ‘o
179 3276 320 3350 genetrix,
344 3293 402 3353 quo
424 3275 481 3334 iata
504 3276 608 3337 vocas?
627 3281 676 3336 aut
698 3275 769 3355 quid
789 3276 864 3353 petis
884 3276 963 3336 istis?

126 3357 279 3418 mortaline
301 3360 504 3420 manufactae
525 3359 680 3420 inmortale
701 3361 819 3421 carinae

127 3440 170 3501 ias
189 3441 318 3503 habeant
340 3448 497 3520 certusque
515 3444 628 3505 incerta
649 3443 782 3521 pericula
803 3441 908 3505 lustret

126 3525 255 3586 deneas?
275 3527 322 3586 cui
347 3533 427 3586 tanta
448 3526 504 3587 deo
524 3529 667 3606 permissa
685 3530 832 3607 potestas?
887 3592 890 3597 ,
