2512 4096
119 245 169 291 XX
429 240 477 287 DE
499 241 581 288 VITA
603 240 647 288 ET
670 240 823 290 acturum

117 410 204 458 trema
224 401 282 456 iere
303 406 404 455 aestate
424 399 562 456 11111713
583 397 655 455 bello
675 398 806 454 Perusino
827 414 887 454 cum
908 396 995 452 Pollio
1021 395 1128 455 Fuluiae
1169 419 1170 439 1

119 493 147 541 11
167 483 197 540 t.
213 485 332 540 Antonio
353 483 479 538 auxilium
495 482 598 539 laturus
613 482 768 555 reliquisset
783 481 905 544 Galliam,
921 481 1049 537 conlecto
1064 496 1127 538 uero

119 567 266 624 11111714
287 568 397 623 Ineunte
417 567 527 640 fugatus
549 569 628 622 etiam
649 575 735 628 esset,
757 565 893 621 inlocum
915 566 972 620 eius
996 563 1029 620 ab
1052 564 1128 621 0111-

119 653 197 706 viano
223 651 347 724 Alfenus
375 652 469 707 Varus
489 649 587 706 Galliae
612 650 805 723 transpadanae
831 650 936 722 legatus
963 646 1128 704 substitutus

120 743 163 790 est
171 728 201 807 ¹).
243 735 289 808 qui
310 751 369 790 cum
391 735 453 790 olim
474 751 526 789 una
546 750 607 790 cum
628 733 746 807 Vergilio
766 732 872 806 Epicuri
892 740 1037 806 praecepta
1057 733 1128 810 apud

119 817 242 874 Sisenem
263 820 420 892 magistrum
441 817 601 878 imbibisset,
622 833 718 890 magun
738 825 917 890 poetaespes
938 815 990 870 11111
1015 815 1078 872 lore
1099 825 1129 872 ut

119 918 171 976 per
183 903 255 958 hunc
269 910 297 958 et
311 910 560 957 sua'veteranorum
576 900 608 956 ab
622 901 730 956 avaritia
745 908 803 956 tuta
818 899 970 972 possideret
986 907 1014 954 et
1030 901 1128 956 ceteris

120 984 268 1042 Mantuanis
284 986 380 1040 amissa
394 985 464 1041 bona
479 984 672 1041 reconciliaret.
702 1000 762 1039 nam
777 984 900 1039 triumvir
914 983 960 1038 ille
975 984 1048 1056 agris
1064 983 1130 1040 diri·
1147 977 1151 984 ’

120 1068 217 1124 dundis
233 1084 293 1125 cum
309 1068 433 1124 Gornelio
450 1067 524 1124 Gallo
546 1069 711 1125 constitutus
732 1074 834 1141 partem
851 1082 978 1141 agrorum
999 1066 1053 1122 illis
1069 1067 1130 1123 red·

120 1151 184 1208 dere
200 1154 279 1207 etiam
299 1153 389 1208 Iussus
410 1161 467 1207 erat
481 1169 496 1206 a
511 1145 644 1220 senatu2).
686 1167 736 1207 nec
755 1152 895 1224 promissis
922 1151 999 1206 initio
1027 1152 1130 1224 magni·

121 1233 177 1291 licis
197 1237 332 1309 pepercit,
355 1252 422 1308 quae
437 1238 461 1291 si
476 1236 565 1292 soluts
585 1236 690 1298 forent,
712 1234 804 1290 laudes
819 1251 849 1290 se
864 1236 953 1307 magni
969 1235 1060 1297 amici,
1084 1235 1129 1307 qul

120 1320 178 1392 Ipse
193 1336 247 1375 non
264 1319 366 1375 alienus
388 1336 402 1374 a
422 1321 505 1374 musis
527 1328 584 1374 erat
605 1318 665 1389 (eol.
682 1318 714 1373 Vl
737 1318 773 1373 11
791 1317 858 1391 sq),
880 1319 982 1391 insigni
1003 1325 1130 1389 poemate

120 1401 335 1476 praedicaturum
347 1419 406 1457 esse
421 1416 528 1476 prosus
543 1411 620 1474 parte
631 1402 755 1474 promisit
770 1410 850 1474 poeta
863 1399 908 1472 (cl.
923 1399 973 1456 eol.
986 1400 1019 1454 Vl
1032 1401 1051 1458 6
1064 1399 1128 1475 sq).

204 1483 238 1539 Et
256 1485 401 1559 adgressus
421 1495 463 1542 est
478 1503 560 1559 opus,
582 1487 657 1542 cuius
673 1485 811 1541 exordium
833 1487 860 1540 in
876 1485 925 1541 ecl.
942 1484 975 1538 lll
992 1483 1032 1540 27
1043 1514 1079 1525 -
1091 1485 1128 1542 29

121 1570 180 1643 lpse
198 1570 311 1641 repetit:
333 1569 380 1623 sed
401 1570 485 1625 Varus
512 1587 605 1643 parum
626 1570 703 1625 stetit
723 1571 872 1642 promissis.
914 1570 996 1624 immo
1018 1565 1129 1624 ‘iussus

121 1653 172 1708 tria
191 1651 263 1706 milia
282 1668 409 1724 passuum
430 1669 443 1707 a
464 1670 541 1709 muro
562 1654 588 1708 in
610 1652 714 1708 diuersa
734 1652 887 1726 relinquere
908 1652 1128 1708 111111νί111111-

122 1743 220 1810 gentos
249 1752 344 1808 passus
369 1752 453 1808 aquae
479 1753 546 1810 quae
572 1736 732 1792 circumdata
757 1745 814 1791 erat
835 1735 1037 1799 admetiretur’,
1065 1735 1130 1791 1111111

122 1818 270 1875 llantuanis
291 1828 397 1892 praeter
417 1821 545 1892 palustria
560 1820 702 1892 reliquisse
717 1836 732 1873 a
747 1819 870 1875 1111111111
887 1819 962 1874 Gallo
977 1827 1076 1891 postea
1090 1827 1132 1875 est

123 1896 301 1975 1111111113).
332 1920 382 1959 nec
397 1904 515 1978 Vergilio
531 1903 657 1959 auxilium
672 1903 747 1967 tulit,
770 1919 830 1959 cum
852 1904 874 1957 is
890 1902 973 1957 altera
989 1910 1131 1959 veterano·

121 2003 191 2052 rum,
208 1988 253 2059 qni
269 1987 371 2043 viciuos
387 2004 466 2061 agros
482 1996 647 2060 acceperant,
664 1987 732 2042 duce
747 1987 863 2043 Milieno
882 1987 994 2043 Torone
1008 1988 1131 2060 primipi-

120 2070 170 2126 lari
192 2071 348 2145 inruptione
368 2072 395 2126 111
417 2087 512 2144 agrum
527 2072 586 2126 eius
610 2070 680 2126 lacta
694 2086 748 2126 non
765 2078 867 2125 tantum
882 2071 980 2124 iterum
996 2086 1059 2126 cum
1073 2072 1131 2126 suis

122 2154 264 2224 expulsus,
280 2155 329 2210 sed
344 2157 422 2211 etiam
437 2157 507 2210 inter
522 2155 722 2211 altercationem
739 2153 772 2209 de
787 2152 884 2209 linibus
900 2161 985 2208 ortam
1002 2169 1017 2208 a
1034 2154 1132 2212 Clodio

123 2235 238 2306 quodam
258 2237 363 2293 latrone
383 2254 467 2311 paene
482 2241 586 2296 occisus
602 2241 651 2302 sit,
673 2239 719 2311 qui
736 2253 841 2293 omnem
865 2253 894 2292 se
915 2236 990 2292 litem
1012 2246 1132 2312 amputa·

191 2494 211 2558 ¹)
230 2499 291 2547 ‘alii
315 2499 373 2560 fuso
399 2500 538 2565 stipataque
562 2501 651 2551 Asinio
677 2501 793 2550 Pollione
819 2499 850 2548 ab
874 2501 988 2564 Aupusto
1011 2500 1130 2563 Alfenum

137 2568 231 2616 Varum
246 2566 354 2628 lepatarn
364 2566 526 2623 substitutum,
545 2570 588 2632 qui
599 2568 789 2629 transpadanae
804 2567 949 2629 procinctae
962 2574 987 2616 et
1004 2569 1076 2630 apris
1092 2569 1130 2618 di·

124 2632 242 2686 oidendis
252 2641 397 2695 praeesset,
417 2636 460 2699 qai
470 2636 568 2685 curavit
583 2650 614 2684 ne
627 2649 701 2698 aper,
720 2635 763 2698 qui
777 2633 883 2696 Virpilio
895 2635 1129 2700 restitutusfuerat,

124 2717 141 2752 a
159 2701 292 2751 ueteranis
313 2702 472 2762 auferretur'
492 2702 603 2763 Servius
620 2700 656 2749 ed
673 2700 725 2752 ecl.
742 2699 781 2752 VI
798 2700 822 2754 6.
846 2705 922 2750 ‘sane
941 2701 1071 2750 blanditur
1088 2700 1134 2751 At-

89 2828 90 2831 *
122 2770 185 2831 seno
212 2767 296 2823 Vara,
324 2770 367 2831 qui
388 2769 503 2818 Pollione
527 2770 618 2832 sapato
640 2770 737 2831 loqutus
758 2770 943 2831 transpadanis
968 2771 1134 2832 praepositus

124 2843 164 2884 est
191 2833 222 2882 ab
248 2833 379 2897 Aupusto'
408 2836 520 2885 Servius
547 2837 583 2884 ad
605 2833 655 2884 eol.
678 2834 713 2884 lx
736 2836 777 2884 19.
802 2837 919 2898 ‘quidam
942 2842 1023 2884 autern
1047 2838 1134 2885 dionant

122 2901 239 2966 primitus
257 2915 334 2964 apros
351 2900 383 2950 ab
400 2903 515 2951 Pollione
536 2902 642 2967 Vtrpilio
660 2903 783 2960 redditos,
799 2909 933 2967 postquam
951 2909 1033 2951 antem
1048 2902 1136 2952 Varus

123 2969 245 3018 successit
265 2967 387 3027 Pollioni,
415 2971 526 3032 adempti
546 2972 624 3018 sunt.’
664 2967 748 3019 schol.
772 2970 853 3018 Bern.
878 2969 913 3017 ad
938 2969 988 3018 ecl.
1013 2968 1053 3017 IX
1077 2984 1134 3034 arg.

125 3035 212 3085 addas
222 3032 345 3084 eiusdem
354 3035 390 3085 ad
400 3034 449 3085 eol.
456 3036 521 3085 VIII
531 3038 546 3084 6
556 3036 763 3086 adnotationem
773 3050 854 3099 quam
863 3050 946 3100 supra
958 3035 1134 3101 p.XVIIIsq.

124 3102 265 3166 exscripsi.
301 3100 364 3151 vide
381 3101 503 3167 prolege.
522 3105 538 3152 5
557 3118 615 3168 sqq.

191 3167 215 3233 ²]
234 3168 345 3219 Servius
362 3169 393 3218 in
410 3169 499 3233 praef.
518 3169 608 3222 bucol,
624 3173 769 3234 postquem
788 3168 820 3218 de
832 3169 906 3219 Arrii
917 3169 1023 3234 impetu
1040 3185 1136 3221 nerra·

124 3235 166 3286 vit
187 3235 261 3298 (vids
278 3233 363 3298 inira)
388 3241 492 3300 ‘postea
514 3237 546 3284 ab
569 3236 683 3300 Anpusto
710 3237 816 3285 missis
838 3238 1013 3286 triumuiris
1036 3244 1063 3287 et
1086 3239 1138 3302 ipsi

125 3317 188 3367 aper
205 3309 243 3353 est
260 3302 376 3352 redditus
395 3309 420 3352 et
438 3302 623 3352 Mantuanis
643 3319 703 3366 pro
722 3309 827 3367 parte.
863 3303 921 3353 ltine
938 3312 977 3352 est
995 3305 1064 3369 quod
1082 3320 1136 3354 111111

124 3371 151 3418 in
165 3372 250 3434 priam
268 3372 354 3433 eelopa
373 3371 473 3433 lepirnus
490 3385 543 3418 eam
560 3371 688 3434 recepisse
704 3386 802 3434 aprum,
817 3377 910 3433 postea
927 3384 981 3420 eant
998 3372 1136 3436 querulan-

126 3442 174 3486 tem
190 3438 336 3498 invenimus,
355 3444 382 3486 ut
400 3435 449 3500 [IX
471 3433 612 3500 11-13].’

192 3502 214 3567 ⁸)
234 3502 345 3554 Servius
363 3504 398 3551 ad
417 3503 468 3554 ecl,
487 3503 526 3552 IX
546 3506 588 3554 10:
608 3504 644 3554 cl.
663 3503 785 3568 prolegg.
804 3505 828 3553 6.
