2512 4096
118 297 249 348 xxxt111
424 295 471 342 DE
493 295 576 342 VITA
598 295 642 343 ΕΤ
665 293 819 343 scelests

120 459 208 515 elatus
230 463 356 527 tantaque
371 455 502 510 suavitate
522 460 631 527 tamque
646 455 720 510 miris
741 455 805 510 artis
826 452 968 509 lenociniis
985 471 1055 511 usus
1076 472 1130 530 pro

120 538 275 602 nuntiabat,
291 546 321 594 ut
336 537 419 594 lulius
434 537 577 594 Montanus
592 546 673 610 poeta
688 537 804 610 aequalis
820 535 923 592 soleret
937 537 1047 602 dicere,
1063 541 1131 596 invo-

122 625 242 680 laturum
265 638 294 678 se
309 621 429 696 Vergilio
445 621 588 695 quaedam,
610 623 633 677 si
649 629 676 678 et
691 637 783 677 rocem
804 628 899 694 posset
914 627 942 675 et
958 637 991 677 os
1006 630 1037 679 et
1052 622 1131 698 hypo·

122 708 217 764 crisin:
240 705 349 762 eosdem
365 707 435 761 enim
451 721 550 760 versus
565 705 625 777 ipso
647 705 840 778 pronuntiante
854 702 923 759 bene
938 721 1057 770 sonare,
1078 707 1131 762 sine

121 792 167 848 illo
183 793 274 847 inanes
290 805 349 846 esse
365 797 509 863 mutosque
517 781 549 859 ¹).

206 875 235 931 ln
251 890 344 930 eorum
359 881 501 946 poetarum
516 880 610 934 coetu,
634 874 681 945 qui
696 872 855 928 Maecenatis
870 872 1048 946 Augustique
1063 872 1131 929 iami-
1162 916 1167 927 .

121 959 236 1016 liaritate
263 956 434 1020 fruebantur,
463 972 524 1012 cum
539 955 618 1012 llario
633 957 720 1030 primo
746 956 807 1011 loco
834 950 984 1029 habitum2)
1006 956 1130 1021 Horatius

121 1042 242 1116 inprimis
258 1049 285 1097 et
306 1039 399 1096 dilexit
420 1048 451 1096 ut
466 1040 596 1113 optimum
616 1041 729 1096 amioum
750 1048 778 1095 et
797 1040 869 1094 inter
888 1038 1065 1096 doctissimos
1080 1056 1131 1097 cer·

122 1128 224 1182 minum
238 1140 352 1180 suorum
372 1123 473 1180 iudices
494 1116 656 1196 suspensi).
693 1125 766 1180 inter
787 1124 856 1179 cives
877 1138 941 1178 vero
962 1129 1041 1180 muta
1063 1126 1131 1180 rivus

128 1209 215 1283 gloria
230 1217 258 1264 et
271 1209 443 1265 veneratione
458 1207 547 1264 cultus
563 1215 620 1270 est,
636 1216 667 1263 ut
682 1207 722 1265 ‘si
738 1206 844 1281 quando
859 1204 968 1269 Romae,
985 1223 1043 1281 quo
1058 1209 1132 1264 raris·

123 1295 189 1353 sime
200 1290 379 1356 commeabat,
395 1293 529 1347 viseretur
540 1292 567 1346 in
582 1289 700 1365 publico,
716 1300 850 1348 sectantes
861 1289 1132 1366 demonstrantesque

125 1393 154 1432 se
170 1375 374 1450 subterfugeret
389 1377 416 1430 in
430 1376 581 1448 proximum
596 1371 751 1446 tectum&

193 1553 212 1617 ¹)
232 1554 430 1618 ‘pronuntiabat
452 1563 535 1606 autern
557 1572 611 1606 cum
630 1562 755 1606 suauitate
777 1562 826 1605 tum
848 1555 979 1605 lenocindtb
995 1555 1078 1606 mbae.
1110 1561 1132 1604 et

125 1622 225 1673 Seneca
246 1623 366 1680 tradidit,
389 1621 480 1671 Iulium
498 1623 647 1674 Montanum
666 1632 767 1687 poetam
788 1624 886 1672 solitum
902 1622 1005 1672 dicere’
1024 1636 1050 1673 e.
1069 1635 1095 1686 q.
1111 1635 1130 1671 s.

126 1691 253 1740 Donatus
271 1703 298 1753 p.
311 1688 357 1751 61,
374 1689 391 1738 4
408 1689 441 1738 R.
460 1688 496 1738 ci.
515 1697 660 1755 praeterea
678 1689 710 1740 de
732 1688 944 1740 recitationibus
960 1687 1027 1740 libri
1045 1687 1131 1754 quarti

126 1771 152 1808 et
171 1759 244 1809 sexti
260 1758 337 1807 locos
355 1771 439 1820 snpra
459 1756 623 1822 descriptos.

191 1822 213 1891 ²)
232 1822 358 1874 ‘Caecilio
370 1824 512 1890 Plautoque
530 1824 601 1875 dabit
617 1825 744 1875 Romanus
755 1825 895 1888 ademptum
911 1822 1026 1886 Vergilio
1044 1825 1133 1873 Varro·

124 1894 201 1955 poei'
232 1891 365 1953 Hpratius
390 1906 414 1942 a.
435 1906 460 1955 p.
479 1892 521 1945 ut.
552 1891 674 1942 eiusdem
696 1892 726 1942 in
744 1895 796 1942 set.
813 1892 829 1942 Ι
847 1892 890 1953 10,
914 1891 948 1942 te
971 1891 1058 1952 ‘forte
1076 1905 1134 1954 epar

125 1977 186 2013 acer
203 1959 237 2011 Vt
255 1975 325 2011 nemo
341 1958 437 2011 Varius
455 1961 537 2019 ducit:
554 1962 626 2011 molle
644 1968 719 2028 atque
735 1961 845 2022 facetum
861 1959 975 2025 Vergilio
992 1960 1134 2009 adnuerunt

125 2032 267 2098 gaudentes
283 2044 344 2078 rure
364 2028 502 2079 Camenae’
525 2028 629 2093 scripte
648 2045 680 2079 eo
702 2033 825 2092 tempore
844 2030 908 2076 sunt
925 2040 979 2091 quo
997 2025 1135 2091 Vergilius

125 2097 243 2147 nondum
261 2095 409 2161 adgressus
428 2100 488 2146 erat
509 2095 546 2146 sd
563 2095 700 2157 Aeneide,
723 2108 886 2159 quamquam
908 2093 943 2144 ab
966 2093 1085 2145 Horatio
1102 2107 1135 2143 ne

125 2163 189 2212 aliis
208 2162 317 2227 quidem
334 2164 404 2216 locis
417 2160 751 2229 (velutesrm.1o.1v2)
769 2162 799 2211 in
816 2161 927 2211 heroico
947 2174 1050 2223 genere
1068 2175 1136 2212 com·

125 2235 297 2279 memoretur.
337 2230 413 2281 edite
441 2231 548 2282 demum
569 2230 691 2281 Aeneide
714 2229 852 2293 epicorum
882 2231 1029 2292 poetarum
1055 2227 1134 2292 longe

125 2297 254 2361 princeps
271 2295 383 2347 habitus
402 2302 455 2348 est.
479 2297 687 2364 comprehendit
698 2311 771 2346 enno
784 2297 833 2347 736
851 2295 905 2345 tric
923 2309 1007 2359 opera
1020 2293 1135 2346 Ovidius

124 2365 153 2412 i'n
171 2377 291 2413 amorum
308 2363 323 2412 1
342 2366 386 2421 lb,
409 2366 442 2415 25
461 2365 583 2429 ‘tityrum
606 2373 631 2414 et
650 2366 742 2429 [rupee
759 2364 907 2428 Aeneiaque
925 2377 997 2412 arma
1013 2363 1134 2427 legentur,

125 2432 205 2482 Roma
223 2429 369 2493 triumphati
385 2433 441 2480 dum
452 2439 529 2494 caput
541 2431 610 2482 orbis
622 2433 697 2489 erit,·'
717 2429 749 2479 de
762 2430 885 2481 Aeneide
897 2444 963 2480 vero
976 2427 1037 2480 sols
1049 2445 1074 2480 a.
1088 2430 1134 2480 tol

126 2498 238 2562 scripsit
255 2497 285 2545 in
303 2500 363 2545 erte
380 2498 515 2547 amatorie
531 2497 576 2548 III
593 2501 642 2548 337
660 2512 700 2561 sq.
718 2502 759 2547 ‘et
775 2499 911 2562 profugum
928 2498 1051 2556 Aenean,
1070 2500 1135 2547 altae

124 2565 267 2630 ptinendia
289 2563 397 2627 Romae,
422 2563 475 2624 Quo
493 2567 583 2615 nubum
600 2565 678 2615 Latio
695 2566 791 2615 elarius
809 2571 883 2615 estat
900 2566 988 2628 opua‚’
1007 2569 1038 2613 et
1055 2562 1133 2628 paula

125 2637 189 2698 post
205 2633 235 2681 in
253 2629 380 2680 remediis
398 2632 497 2681 amoris
514 2647 540 2681 v.
560 2633 610 2682 395
628 2646 668 2698 sq.
692 2637 804 2682 ‘tannem
820 2648 848 2682 ee
866 2630 938 2682 nobie
955 2632 1022 2694 elept
1044 2630 1136 2681 debere

123 2701 250 2763 fatentur,
272 2697 394 2757 Quantum
415 2698 529 2763 Verpilio
547 2700 628 2750 nobie
646 2699 720 2750 debet
738 2703 819 2764 epas.’

193 2766 215 2830 8)
234 2767 351 2815 ‘Plotius
361 2773 387 2816 et
402 2765 510 2824 Varius,
523 2767 663 2817 Maecenas
678 2768 868 2832 Vergiliusque,
891 2765 997 2829 Valgius
1009 2770 1035 2814 et
1044 2764 1137 2829 probet

126 2837 188 2884 baec
207 2831 326 2884 Octauiae
343 2835 451 2897 optimus
468 2839 544 2899 atque
562 2835 670 2884 Fuscus¹
689 2849 713 2885 e.
727 2849 753 2897 q.
767 2851 788 2888 s.
801 2833 936 2884 Horatius
949 2832 1027 2883 sati
1042 2834 1083 2893 10,
1096 2833 1136 2890 89,

127 2904 394 3032 quebuggbeblimpzs
401 2900 787 3032 5‘171o9eeRuaspmstsnpppagsefie
809 2967 876 3018 ficte
893 2971 942 3018 out
964 2965 1138 3016 ambitiosius

127 3042 210 3087 aucta
227 3040 309 3100 putes
328 3039 443 3086 cavetur
460 3035 657 3100 quodammodo
675 3036 744 3100 Apri
760 3037 790 3086 in
808 3034 918 3099 dialogo
937 3034 970 3084 de
988 3049 1028 3084 or.
1046 3036 1061 3084 'i
1079 3049 1139 3082 ver·

125 3105 182 3166 bis,
202 3104 250 3168 qui
267 3103 392 3167 quamvis
412 3107 553 3167 poetarum
571 3103 749 3155 adversarius
765 3108 795 3153 et
814 3103 951 3152 oratoriae
969 3101 1039 3150 artis
1055 3101 1139 3150 unice

125 3171 267 3232 laudator,
289 3175 383 3219 temen
405 3170 503 3233 quibus
527 3172 635 3223 omnino
658 3170 807 3221 honoribus
829 3173 888 3218 tum
909 3169 1039 3233 temporis
1063 3166 1140 3217 clere

126 3238 239 3304 ingenia
255 3236 286 3285 in
298 3236 365 3286 urbe
380 3236 522 3286 celebrata
541 3239 645 3289 fuerint
661 3237 778 3287 idoneus
790 3236 872 3286 testis
885 3241 936 3289 est.
967 3235 1035 3284 dicit
1053 3234 1138 3283 enim:

128 3313 201 3371 ‘quoe
217 3305 332 3366 saepiue’
353 3301 645 3371 (oratoribus)·‘aulpus
657 3317 755 3369 quoque
765 3303 907 3365 imperitum
918 3309 943 3353 et
961 3304 1088 3352 tunicatus
1098 3303 1140 3351 liic

125 3375 235 3438 populns
251 3375 413 3420 transeuntes
430 3375 527 3423 nornine
544 3380 617 3423 uocat
634 3379 660 3422 et
676 3370 850 3420 demonstrat?
867 3371 980 3420 aduenae
997 3384 1096 3434 quoque
1114 3375 1139 3418 et

125 3439 258 3506 peregrini
273 3439 322 3487 iam
333 3438 360 3486 in
370 3437 511 3501 municipiis
522 3445 548 3487 et
559 3440 664 3490 coloniis
674 3438 727 3486 socie
738 3437 849 3493 auditos,
867 3450 921 3485 mam
937 3439 1043 3500 primum
1054 3437 1140 3486 urbem

127 3509 273 3573 attigerunt,
286 3505 417 3569 requirunt
429 3519 460 3554 aa
471 3507 538 3555 velut
545 3518 684 3568 apnaeaere
694 3500 889 3566 concupiscunt.²
909 3505 1008 3568 quibus
1019 3505 1049 3553 in
1058 3501 1140 3552 thes·

127 3581 170 3627 tro
180 3570 428 3638 significationibus
438 3571 555 3638 populns
564 3576 674 3636 poetam
683 3568 856 3634 salutaverit,
866 3584 949 3634 supro
957 3583 1058 3620 narras
1069 3584 1138 3625 mus.
