2512 4096
121 277 180 338 ³32
449 290 591 336 vnnomr
608 289 732 338 anunm
748 289 797 335 xn

120 462 174 504 nec
195 460 289 519 genus
306 442 470 504 indecores.
502 446 565 504 sine
585 462 632 504 me
651 444 724 504 haec
746 443 818 504 haut
839 442 944 504 mollia
968 445 1034 507 latu
1101 453 1125 504 tt

119 524 240 587 sublatis
258 528 375 604 aperire
397 526 480 598 (lolis,
503 526 590 587 simul
612 527 669 587 hoc
690 528 786 587 animo
806 525 904 587 hauri.

120 627 167 669 me
186 615 284 670 natam
308 608 378 670 nulli
401 618 533 671 veterum
555 611 667 671 sociare
686 627 846 688 procorum

119 693 162 753 ias
184 701 256 762 erat,
275 693 365 772 idque
385 711 488 755 omnes
510 695 625 772 divique
645 693 838 772 hominesque
861 693 1029 758 canebant.

118 777 211 836 victus
232 794 333 837 amore
353 778 405 847 tui,
426 784 550 856 cognato
573 779 713 854 sanguine
734 778 826 836 rictus

118 860 251 938 coniug'n
275 867 304 920 et
326 867 454 923 maestae
475 860 622 930 lacrumis,
644 859 736 920 vincla
756 859 853 919 omnia
875 863 965 939 rupi:
1107 869 1133 923 tt

117 944 292 1020 promissam
315 945 410 1022 eripui
431 961 550 1021 genero,
573 960 654 1003 arma
681 944 769 1022 impia
790 944 913 1020 sumpsi.

118 1044 153 1088 cx
172 1024 222 1086 illo
241 1027 291 1104 qni
313 1045 361 1087 me
382 1045 476 1094 casus,
497 1045 580 1107 quae,
603 1025 718 1096 Turne·
734 1033 895 1104 sequantur

118 1109 203 1175 bella.
225 1109 314 1179 vides,
334 1117 457 1188 quantos
476 1111 589 1189 primus
607 1111 718 1187 patiare
737 1108 863 1169 labores.

118 1192 163 1252 bis
188 1209 295 1270 magna
315 1194 383 1253 victi
403 1209 502 1271 pugna
524 1195 571 1253 vix
590 1192 666 1252 urbe
685 1201 801 1252 tuemur

118 1294 186 1355 spes
207 1275 307 1341 Italas:
329 1275 459 1337 recalent
477 1284 580 1337 nostro
601 1275 749 1354 Thybrina
771 1274 879 1336 fluenta
1109 1287 1137 1338 tl

117 1360 260 1437 sanguine
282 1359 379 1419 adhuc
401 1361 555 1439 campique
575 1361 708 1436 ingentes
728 1357 840 1418 ossibus
862 1359 979 1420 albent.

90 1454 97 1467 ·
118 1460 176 1520 quo
196 1441 311 1502 reieror
333 1445 455 1504 totiensi
478 1461 552 1523 quae
573 1450 700 1503 mentem
722 1440 832 1502 insania
853 1445 970 1502 mutati

118 1528 142 1585 si
164 1524 265 1585 Turno
290 1526 416 1585 extincto
439 1528 534 1586 socios
555 1543 620 1586 sum
639 1525 751 1586 adscire
772 1534 902 1602 paratus,

118 1625 172 1669 cur
193 1624 253 1666 non
273 1605 413 1667 incolumi
434 1609 531 1685 potius
553 1609 712 1670 certamina
733 1607 822 1668 tolloi

119 1690 187 1768 quid
210 1692 418 1768 consanguinei
439 1690 547 1760 Rutuli,
570 1690 640 1769 quid
664 1698 762 1752 cetera
783 1690 858 1752 dicet

120 1772 209 1842 ltalia,
231 1772 267 1833 ad
289 1780 416 1834 mortem
434 1774 458 1832 si
478 1780 506 1834 te
529 1772 612 1852 (Fors
635 1773 710 1834 dicta
733 1774 863 1852 refuteti)

118 1856 308 1935 prodiderim,
332 1863 430 1916 natam
451 1863 480 1917 et
502 1855 627 1917 conubia
648 1863 748 1917 nostra
769 1860 938 1936 petentemi

119 1940 299 2019 respiceres
321 1938 398 2001 bello
421 1942 528 2008 varias3
546 1941 687 2002 miserere
708 1941 837 2018 parentis

120 2023 259 2101 longaevi,
279 2041 366 2101 quem
387 2041 467 2084 nunc
487 2030 630 2084 maestum
652 2025 745 2102 patria
765 2023 862 2084 Ardea
883 2024 975 2105 longe

119 2106 237 2166 undio:
270 2104 488 2186 hautquaquam
507 2107 591 2168 (lictis
611 2106 746 2167 violentia
768 2106 861 2167 Turni
1104 2121 1132 2170 to

119 2188 262 2250 flectitur:
285 2197 441 2267 exsuperat
462 2191 554 2269 magis
573 2191 774 2269 aegrescitque
795 2190 953 2253 medendo.

119 2280 151 2332 ut
172 2274 299 2350 primum
322 2273 377 2332 iani
399 2275 502 2351 potuit,
526 2276 568 2334 sic
588 2274 690 2334 institit
708 2291 777 2335 ore:

119 2363 223 2435 ‘quam
241 2373 297 2434 pro
320 2373 367 2416 me
390 2375 490 2417 curam
512 2359 598 2434 geris,
620 2356 696 2416 hanc
718 2374 834 2435 precor,
858 2359 982 2435 optime.
1007 2381 1064 2442 pro
1087 2381 1130 2424 me

123 2439 253 2516 deponas
273 2438 424 2517 letumque
447 2441 525 2499 sinas
542 2456 597 2517 pro
615 2439 701 2500 laude
721 2439 843 2518 pacisci:

119 2528 148 2581 ot
169 2538 223 2579 nos
243 2520 309 2588 tela,
331 2529 424 2599 pater,
447 2524 618 2602 ferrumque
637 2522 711 2582 haut
731 2521 825 2584 debile
845 2523 949 2585 dextra
1100 2535 1130 2586 tt

120 2604 298 2681 spargimus;
323 2611 351 2664 et
373 2612 473 2664 nostro
492 2606 623 2684 sequitur
641 2604 813 2667 deuoluere
834 2608 965 2683 sanguis.

120 2686 206 2762 longe
228 2685 268 2745 illi
292 2685 346 2746 dea
368 2695 462 2747 mater
481 2689 545 2756 erit,
567 2705 642 2766 quae
663 2687 744 2749 nube
765 2689 899 2765 fugacem

120 2770 243 2828 leminea
263 2773 343 2846 tegat
367 2776 395 2829 et
416 2771 497 2829 vanis
518 2787 583 2830 sese
605 2769 719 2831 occulat
740 2770 872 2831 umbris!

160 2852 197 2911 tt
217 2852 329 2928 regina,
351 2870 425 2914 nova
444 2870 561 2932 pugnae
582 2855 738 2915 conterrita
757 2863 845 2924 sorte,
925 2854 931 2860 ’

119 2935 207 2997 flebat
229 2941 258 2995 et
279 2936 431 2998 ardentem
453 2955 595 3015 generum
616 2939 762 2999 monitura
784 2938 917 3000 tenebat:
1099 2949 1129 3002 ot

120 3018 244 3087 'Turne
265 3037 320 3098 per
338 3019 392 3080 has
413 3038 467 3099 ego
488 3029 517 3082 te
536 3021 679 3093 lacrimas,
701 3041 754 3102 per
777 3023 866 3102 siquis
887 3022 1013 3088 limatae

119 3103 211 3178 tangit
232 3101 326 3165 honos
348 3105 478 3164 animum
503 3106 579 3186 (spes
598 3113 630 3165 tu
650 3123 730 3171 nnnc
752 3123 818 3176 una,
843 3113 981 3170 senectae
1010 3182 1013 3186 .

118 3192 151 3244 tu
171 3187 289 3263 requies
310 3188 444 3257 miserae,
467 3188 557 3250 decus
579 3190 790 3268 imperiumque
811 3188 906 3248 Latini

118 3274 148 3327 te
169 3283 269 3346 penes,
293 3270 373 3332 inte
395 3272 489 3331 omnis
511 3272 614 3332 domus
635 3271 770 3332 inclinata
788 3270 955 3351 recumbit),

119 3366 211 3410 unum
233 3367 301 3411 oro:
325 3353 432 3413 desiste
451 3371 569 3414 manum
592 3356 774 3416 committere
794 3354 925 3416 Teucris.
1099 3365 1133 3418 oo

119 3434 170 3512 qui
188 3439 217 3494 te
239 3443 365 3513 cumque
385 3444 503 3497 manent
521 3438 575 3498 isto
599 3438 753 3498 certamine
773 3455 865 3506 casus,

120 3525 147 3577 et
168 3535 225 3588 me,
247 3516 357 3589 Turne,
378 3526 513 3581 manent:
535 3519 620 3581 simul
643 3519 715 3581 haec
738 3522 828 3582 inrisa
850 3519 1019 3611 relinqupm
