2512 4096
391 296 536 346 vulturni
556 297 680 348 hiems
703 299 743 347 111

56 454 191 531 protinus
213 454 307 514 adrias
328 452 495 515 Phaeacum
517 451 724 516 abscondimus
745 474 842 525 arces,

56 537 201 615 litoraque
216 536 299 614 Epiri
318 534 442 614 legimus
459 543 607 614 portuque
629 537 761 599 subimus

56 619 186 682 Chaonio
208 627 238 682 et
256 619 364 681 celsam
384 620 521 681 Buthroti
541 620 708 683 accedimus
728 621 843 684 urbem.

97 703 152 764 Hic
169 702 350 766 incredibilis
371 722 474 766 rerum
493 705 569 765 lama
589 711 713 784 occupat
730 707 822 777 auris,

56 787 222 849 Priamiden
243 786 388 849 Helenum
409 787 511 850 Graias
531 804 659 865 regnare
679 805 734 867 per
753 790 858 860 urbes,
1024 802 1078 858 noe

55 872 193 950 coniugio
214 871 359 934 Aeacidae
378 871 484 951 Pyrrhi
505 872 687 952 sceptrisque
711 874 851 951 potitum,

55 963 83 1017 et
104 955 200 1035 patrio
220 955 447 1017 Andromachen
465 956 573 1017 iterum
595 957 717 1019 cessisse
734 959 847 1019 marito.

55 1039 200 1118 opstipui,
222 1040 358 1118 miroque
378 1040 532 1101 incensum
550 1046 653 1118 pectus
671 1059 771 1102 amore

54 1121 233 1201 compellare
254 1123 350 1183 virum
372 1130 401 1184 et
423 1141 508 1185 casus
529 1139 708 1200 cognoscere
729 1131 833 1186 tantos.

54 1206 229 1284 progredior
251 1215 340 1284 portu
357 1206 464 1268 classes
486 1215 515 1267 et
535 1206 620 1268 htora
640 1207 791 1287 linquens:

55 1288 204 1351 sollemnis
226 1308 294 1351 cum
315 1290 392 1352 lorte
414 1291 503 1370 dapes
524 1298 554 1352 et
573 1292 668 1351 tristia
687 1292 764 1353 dona

55 1381 124 1436 ante
144 1373 249 1436 urbem
269 1374 301 1435 in
322 1372 389 1435 luco
411 1373 476 1435 falsi
495 1375 652 1436 Simoentis
672 1376 708 1436 ad
729 1376 838 1436 undam

54 1455 166 1518 libebat
187 1459 279 1520 cineri
300 1457 508 1519 Andromache
527 1460 680 1537 manisque
701 1459 823 1520 vocabat

55 1541 234 1602 Hectoreum
256 1543 292 1603 ad
313 1541 474 1612 tumulum,
496 1541 580 1604 viridi
602 1560 690 1621 mem
714 1545 840 1621 caespite
855 1545 972 1604 inanem

56 1631 86 1686 et
103 1627 248 1703 geminas,
270 1643 390 1688 causam
404 1625 547 1696 lacrimis,
571 1633 736 1688 sacraverat
754 1645 829 1687 aras.
1024 1639 1075 1692 305

55 1714 89 1769 ut
109 1725 158 1770 me
179 1710 330 1789 conspexit
350 1711 515 1772 venientem
537 1719 566 1770 et
587 1710 675 1772 Troia
696 1712 806 1772 circum

55 1808 136 1853 arma
154 1810 255 1855 amens
274 1794 358 1865 vidit,
380 1795 495 1872 magnis
507 1796 656 1873 exterrlta
675 1796 815 1856 monstris

55 1875 182 1954 deriguit
203 1877 267 1938 sisu
287 1878 318 1938 in
336 1878 449 1948 medio,
477 1877 557 1938 calor
580 1896 646 1938 ossa
668 1877 799 1957 reliquit,

54 1956 177 2029 labitur,
202 1959 340 2038 erlongo
362 1962 410 2022 rix
431 1961 550 2022 tandem
572 1968 705 2040 tempore
726 1963 813 2022 fatur.

56 2053 179 2104 ‘verane
201 2051 230 2104 ts
251 2044 356 2115 facies,
379 2062 468 2106 renus
491 2045 563 2105 mihi
584 2046 704 2105 nuntius
725 2044 837 2114 adfers,
988 2103 990 2107 .
1023 2055 1075 2109 310

55 2132 123 2187 nate
145 2126 219 2188 deal
240 2129 369 2189 vivisne?
390 2137 455 2197 aut,
475 2129 500 2188 si
521 2126 571 2187 lux
593 2126 669 2187 alma
690 2129 827 2202 recessit,

54 2210 164 2271 Hector
185 2210 238 2272 ubi
260 2210 336 2272 estl’
362 2211 447 2279 dixit,
469 2210 664 2289 lacrimasque
687 2211 787 2272 etiudit
807 2219 836 2270 et
849 2227 965 2271 omnem

54 2293 183 2371 implevit
206 2295 336 2355 clamore
356 2294 465 2354 locum.
509 2293 556 2353 vix
576 2310 671 2371 pauca
692 2293 801 2355 furenti

55 2376 167 2439 subicio
186 2385 215 2438 et
235 2380 311 2438 raris
332 2377 468 2439 turbatus
485 2375 606 2438 vocibus
626 2376 723 2438 hisco:

56 2462 133 2521 ‘rivo
153 2462 304 2541 equidem,
327 2463 474 2539 vitamque
493 2468 624 2523 extrema
642 2478 696 2540 per
713 2463 809 2524 omnia
826 2462 916 2530 duom
1023 2473 1074 2527 ³15

55 2561 93 2604 ne
114 2544 230 2617 dubita,
253 2564 321 2608 nam
343 2564 413 2608 vera
434 2546 522 2607 vides.

54 2628 125 2689 heu'
145 2631 210 2708 quis
234 2637 264 2693 te
282 2648 366 2692 casus
388 2630 531 2710 deiectam
554 2632 677 2706 coniuge
699 2637 780 2690 tante

56 2711 177 2789 excipit,
201 2720 252 2774 aut
274 2731 349 2792 quae
372 2713 461 2792 digna
483 2714 553 2775 satis
573 2714 692 2775 fortuna
711 2713 825 2783 revisit,

54 2793 190 2856 Hectoris
208 2796 434 2859 Andromache?
453 2798 580 2877 Pyrrhin
598 2797 723 2859 conubia
743 2796 872 2857 serrasl'

56 2877 161 2938 deiecit
180 2878 291 2940 voltum
313 2887 343 2940 et
363 2880 488 2940 demissa
509 2898 582 2941 soce
598 2879 696 2941 locuta
720 2888 779 2940 est:
1012 2879 1074 2943 '320

57 2969 90 3019 ‘o
112 2958 181 3020 iclix
199 2978 259 3021 una
281 2967 348 3021 ante
363 2961 434 3020 alias
452 2963 595 3023 Priameia
613 2965 711 3038 virgo,

55 3040 193 3103 hostilem
214 3042 251 3103 ad
273 3043 418 3104 tumulum
440 3043 546 3105 'Proiae
567 3045 621 3104 sub
642 3045 795 3106 moenibus
815 3046 880 3106 altis

55 3127 134 3188 iussa
156 3127 247 3196 mori,
272 3144 348 3206 quae
368 3127 488 3188 sortitus
509 3144 571 3188 nou
593 3126 713 3206 pertulit
733 3126 809 3188 ullos

55 3226 113 3270 nec
132 3210 251 3271 victoris
272 3211 315 3273 eri
335 3212 428 3290 tetigit
449 3213 559 3289 captiva
582 3210 693 3272 cubile!

56 3310 111 3353 nos
131 3295 226 3371 patria
246 3296 365 3358 incensa
387 3296 502 3358 diversa
521 3314 577 3374 per
596 3313 725 3374 aequora
741 3305 840 3359 vectae
1021 3308 1073 3363 32¹>

55 3378 156 3455 stirpis
176 3376 323 3442 Achilleae
342 3381 434 3442 fastus
455 3381 647 3460 iuvenemque
669 3379 843 3460 superbum,

56 3462 175 3522 servitio
194 3463 309 3534 enixae,
332 3464 465 3534 tulimus,
488 3467 538 3544 qui
560 3465 665 3526 deinde
685 3473 802 3526 secutus

56 3545 203 3607 Ledaeam
223 3545 402 3609 Hermionen
424 3548 728 3626 Lacedaemoniosque
750 3548 927 3628 hymenaeos
