2512 4096
407 261 549 311 venem
571 262 695 312 annuis
718 263 754 312 VI

66 419 136 481 hinc
158 417 290 480 exaudiri
310 418 440 498 gemitus
458 424 486 493 et
504 435 589 479 saeva
611 434 717 482 sonare

65 499 191 565 verbero
226 508 293 564 tum.
310 502 419 565 suidor
440 502 511 565 ferri
528 509 699 580 tractaeque
725 509 855 567 catenae.

67 589 194 648 constitu
215 601 329 648 aeneas
351 588 566 666 strepitumque
586 587 741 649 exterritus
764 586 868 651 hausit

68 669 325 749 ‘quaescelerum
347 670 494 733 laniosio
518 670 617 748 ringo,
640 671 750 741 eiiaro;
773 670 916 750 quibusve
1034 682 1089 741 utic

66 761 210 832 urgentur
230 754 352 834 poenisi
368 755 550 832 quietantiis
568 754 689 832 claugor
709 755 745 817 ad
768 754 882 817 aurisi'

65 844 129 899 tum
149 846 229 898 vates
252 840 296 899 sic
318 855 384 898 orsa
407 837 503 916 loqui:
526 837 602 900 ‘dux
618 837 729 900 inclute
748 838 911 909 Teucrum,

65 919 137 982 nulli
157 921 202 982 lae
222 929 302 982 casto
324 920 501 983 sederatum
517 921 653 983 insistere
673 921 779 994 linem

65 1014 111 1067 set
129 1023 176 1067 me
195 1023 263 1066 cum
284 1005 359 1067 lueis
377 1006 486 1067 llecate
512 1006 654 1084 praelecit
676 1008 814 1079 nivernis,

65 1091 128 1169 ipsa
151 1090 239 1151 deum
260 1107 370 1169 poenas
393 1090 492 1151 docuit
513 1107 627 1170 perque
647 1091 744 1152 omnia
763 1091 854 1153 duxit.
1034 1104 1087 1159 ben

66 1173 189 1235 tuosius
212 1173 286 1235 baec
306 1172 548 1240 Rhadamanthus
568 1173 658 1234 habet
680 1175 835 1255 durissima
853 1193 946 1253 regua

67 1259 248 1336 castigatque
266 1255 405 1336 auditque
428 1257 510 1318 dolos
532 1258 700 1337 subigitque
717 1259 814 1329 lateri¹

66 1358 142 1422 quae
165 1343 230 1421 quis
251 1339 329 1420 apud
344 1358 483 1420 superos,
508 1341 591 1402 lurto
608 1341 733 1402 laetatus
750 1343 846 1413 htarti,

66 1423 177 1487 distulit
197 1428 228 1486 in
249 1442 345 1486 seram
368 1425 523 1486 commissa
543 1424 659 1502 piacula
675 1433 811 1488 mortem.

66 1511 205 1571 continuo
228 1509 319 1568 sontis
341 1507 429 1570 ultrix
452 1509 581 1570 accincta
599 1508 714 1588 ssagollo
1033 1520 1088 1579 oto

65 1592 225 1671 Tisiphone
247 1593 339 1670 quatit
359 1591 516 1662 inarmans,
537 1600 695 1673 torvosque
717 1594 833 1656 sinistra
1059 1609 1062 1614 ·

66 1676 213 1736 intentans
232 1677 336 1752 anguis
352 1684 436 1738 vocat
457 1677 573 1756 agmina
594 1694 681 1739 saera
702 1678 867 1741 sororum'

67 1757 140 1839 (tum
163 1760 280 1821 demum
302 1760 458 1822 horrisono
478 1761 636 1824 stridentes
656 1762 776 1824 cardine
797 1781 899 1828 sacrae

66 1844 237 1922 panduntur
258 1846 383 1925 portae.)
428 1847 555 1917 ‘cernis,
578 1846 710 1909 custodia
731 1846 826 1926 qualis

64 1927 208 1988 vestibulo
231 1929 350 1990 sedeat?
374 1929 465 1990 iacies
485 1947 560 2008 quae
577 1928 678 1991 limina
695 1931 808 1990 seruet?
1034 1938 1101 1996 tlt

66 2013 275 2089 quinquaginta
296 2013 367 2072 atris
384 2014 520 2072 immanis
542 2012 672 2073 hiatibus
686 2012 780 2092 hydra

66 2094 180 2154 saevior
200 2096 279 2154 intus
300 2092 389 2155 habet
408 2095 519 2156 sedem.
539 2094 543 2102 '
562 2102 625 2154 tum
647 2093 789 2159 Tartarus
810 2096 872 2173 ipsc

65 2176 112 2238 bis
133 2183 213 2254 patet
230 2178 260 2236 in
282 2194 425 2256 praeceps
445 2184 559 2239 tautum
580 2178 732 2258 tenditque
753 2177 808 2243 sub
828 2177 964 2250 umbras,

67 2267 192 2340 quantus
213 2260 249 2322 ad
271 2259 434 2322 aetherium
453 2259 527 2322 caeli
547 2269 704 2338 suspectus
725 2260 889 2341 Olpmpunt
919 2299 994 2317 --

65 2345 114 2407 hic
131 2362 226 2422 genus
246 2345 397 2423 antiquom
419 2343 547 2416 Terrae,
566 2343 678 2409 Titania
698 2345 808 2425 pubes,
1033 2357 1089 2412 tte

65 2429 187 2492 fulmine
208 2428 312 2490 deiecti
331 2428 422 2489 lundo
443 2427 597 2491 volvuntur
619 2430 649 2490 in
670 2430 740 2492 ime

65 2514 113 2575 hio
135 2521 164 2575 et
184 2511 302 2575 Aloidas
323 2515 455 2592 geminos
472 2513 608 2575 irumania
630 2514 688 2576 ridi

66 2615 207 2678 corpora,
231 2599 280 2678 qui
301 2597 436 2661 manibus
454 2615 598 2676 mavum
614 2599 787 2662 rescindere
800 2597 918 2665 caelum

66 2681 197 2760 adgressi
215 2685 389 2762 superisque
409 2683 507 2744 lovem
531 2682 689 2746 detrudere
706 2684 815 2762 regnis.

65 2765 123 2828 vidi
141 2773 170 2827 et
191 2765 320 2828 crudelis
341 2766 459 2829 dantem
482 2766 637 2829 Salmonea
657 2785 786 2847 poenas,
1032 2777 1085 2833 ott

66 2849 172 2931 '⁴[dum
193 2849 348 2912 dammam.
361 2851 436 2911 lovis
458 2858 486 2912 et
507 2853 619 2913 sonitus
641 2852 770 2914 imitatur
791 2849 931 2934 Olympi]

67 2941 206 3012 quattuor
225 2933 274 2993 hio
295 2933 428 2993 invectus
449 2935 530 3013 equis
553 2941 582 2995 et
602 2933 737 3012 lampada
759 2953 900 3015 quassans
929 3007 933 3016 ‚

65 3033 121 3097 per
146 3016 269 3078 Graium
289 3013 415 3094 populos
435 3016 607 3096 mediaeque
625 3034 680 3094 per
697 3017 793 3079 Elidis
807 3018 912 3081 urbem
955 3085 957 3090 ,

66 3099 128 3162 ibat
149 3116 239 3160 orans
260 3100 417 3180 divomque
435 3098 491 3161 sibi
512 3098 656 3181 poscebat.
672 3101 835 3174 honorem,

67 3184 204 3255 demens,
228 3186 277 3264 qui
296 3182 412 3246 nimbos
434 3191 464 3246 et
483 3201 543 3245 non
564 3183 704 3247 imitabile
726 3184 837 3248 ladmen
1032 3197 1083 3253 tte

66 3288 136 3332 aere
157 3274 186 3330 et
205 3269 397 3351 cornipedum
414 3267 501 3348 pulsu
523 3267 674 3331 simularet
694 3288 847 3350 equorum.

67 3362 96 3415 at
116 3360 201 3433 pater
222 3354 406 3433 omnipotens
427 3353 518 3416 densa
535 3355 620 3415 iuter-
632 3353 733 3416 nubila
753 3353 847 3419 telum

66 3437 223 3509 contorsit,
243 3455 303 3498 non
323 3437 371 3499 ille
389 3438 468 3500 laces
488 3456 544 3501 nec
562 3437 661 3501 tumea
681 3439 775 3502 taedis

66 3523 175 3586 lumina
212 3523 463 3603 praecipitemque
482 3523 603 3586 immani
623 3522 742 3587 turbiue
763 3523 869 3602 adegit.
