2512 4096
412 297 699 347 mammarum
714 297 751 346 vr
1039 282 1097 346 rat

78 453 278 534 procumbunt
297 455 415 532 piceae,
437 460 522 515 sonat
542 454 601 514 iota
623 450 784 515 securibus¹
797 448 855 512 ilex
1048 459 1099 515 1⁸0

79 539 285 616 fraxineaeque
306 535 406 598 trabes
425 537 528 598 cuneis
550 542 579 597 et
598 533 686 596 fissile
700 531 794 604 robur

79 620 238 691 scinditur,
258 619 413 682 advolvont
433 621 560 699 ingentis
581 617 732 679 montibus
752 632 850 677 ornos.

78 721 135 766 nec
155 722 216 766 non
233 704 346 766 Aeneas
366 722 457 783 opera
475 705 554 764 inter
570 701 639 762 talia
658 701 772 779 primus

79 787 214 849 hortatur
230 789 326 848 socios
347 786 529 866 paribusque
550 786 714 864 accingitur
735 784 834 844 armis.

78 877 167 952 atque
188 871 263 932 baec
282 872 347 950 ipse
364 887 419 931 suo
439 870 517 931 tristi
539 887 607 932 cum
628 868 719 930 corde
738 866 864 937 volutat,

79 961 233 1033 aspectans
254 953 357 1015 silvam
378 955 557 1025 inmensam,
582 960 612 1014 et
631 954 673 1012 sic
694 951 771 1012 forte
792 956 945 1029 precatur:
973 975 976 980 ·

80 1039 120 1099 ‘si
141 1055 221 1099 nuno
240 1055 272 1100 se
293 1036 379 1099 nobis
400 1035 448 1098 ille
465 1054 573 1098 aureus
594 1036 703 1099 arbore
723 1051 824 1095 ramus

80 1121 215 1181 ostendat
235 1139 358 1182 nemore
377 1123 409 1181 iu
431 1122 526 1181 tanto!
549 1119 667 1198 quando
690 1119 787 1179 omnia
805 1135 874 1179 vere

79 1203 137 1265 heu
158 1204 281 1264 nimium
301 1202 338 1264 de
356 1212 385 1263 te
406 1211 502 1273 vates,
522 1202 647 1272 Missua
670 1200 768 1263 locuta
789 1199 858 1262 est'

80 1287 127 1347 vix
147 1304 182 1348 ea
198 1288 275 1348 fatus
296 1293 375 1356 erat,
397 1287 532 1362 geminae
554 1304 623 1347 cum
644 1286 721 1347 forte
742 1283 896 1346 columbae

79 1372 143 1449 ipsa
164 1369 219 1431 sub
242 1388 295 1430 ora
316 1370 371 1430 riri
392 1367 474 1430 caelo
495 1386 604 1430 venere
621 1368 753 1430 volantes

80 1460 109 1515 et
129 1453 213 1515 viridi
231 1453 336 1515 sedere
357 1452 430 1514 solo.
473 1460 538 1515 tum
558 1455 703 1513 maximus
725 1453 814 1514 heros

80 1543 227 1598 maternas
248 1537 401 1615 adgnoscit
422 1554 490 1599 ares
510 1536 662 1616 laetusque
681 1543 836 1615 precatur:

80 1627 157 1682 ‘este
178 1620 270 1682 duces
294 1639 327 1690 o,
348 1623 431 1701 siqua
452 1621 498 1681 via
518 1629 575 1689 est,
599 1637 777 1701 cursumque
798 1639 853 1700 per
875 1639 963 1684 auras

80 1704 203 1782 derigite
224 1706 255 1764 in
275 1704 375 1776 lucos,
402 1703 454 1766 ubi
477 1705 617 1783 pinguem
638 1703 718 1766 dives
740 1712 845 1783 opacat

79 1806 180 1850 ramus
202 1789 335 1850 humum.
377 1795 471 1868 tuque
490 1807 507 1849 o
530 1787 626 1850 dubiis
646 1806 684 1849 ue
706 1787 799 1851 defice
820 1789 928 1859 rebus,

79 1872 144 1933 diva
164 1872 297 1951 parens'
341 1873 384 1934 sic
405 1873 508 1935 allatus
528 1873 651 1949 vestigia
670 1874 779 1949 pressit

80 1954 252 2025 observans,
276 1974 351 2034 quae
367 1959 450 2035 signa
471 1956 582 2025 lerant,
605 1973 663 2033 quo
684 1955 807 2016 tendere
828 1964 962 2034 pergant.

80 2045 234 2114 pascentes
255 2037 321 2099 illae
343 2045 457 2099 tantum
478 2038 600 2116 prodire
621 2037 763 2107 volando,

81 2127 223 2199 quantum
244 2120 307 2181 acie
327 2128 448 2198 possent
467 2121 544 2182 oculi
562 2137 683 2182 servaro
705 2127 889 2198 sequentum.

79 2202 148 2264 inde
169 2201 220 2264 ubi
237 2220 346 2264 venere
364 2203 401 2264 ad
422 2203 521 2264 fauces
544 2219 632 2280 grave
653 2202 759 2264 olentis
776 2206 896 2274 averni,

78 2285 186 2348 tollunt
208 2304 240 2348 se
263 2284 376 2347 celeres
393 2285 595 2366 liquidumque
616 2292 760 2364 pereira
781 2287 880 2366 lapsae

79 2370 199 2431 sedibus
220 2371 326 2448 optatis
344 2371 460 2448 gemina
481 2388 572 2449 super
594 2369 702 2433 arbore
722 2372 836 2443 sidunt,

80 2453 208 2515 discolor
228 2453 307 2515 unde
329 2454 393 2515 auri
412 2471 467 2534 per
485 2472 584 2516 ramos
605 2473 678 2516 aura
699 2455 823 2518 refulsit.
890 2499 900 2519 Ι

80 2536 166 2617 quale
184 2536 258 2598 solet
280 2537 358 2598 silvis
375 2536 503 2599 brumali
523 2539 634 2617 frigore
654 2539 766 2601 viscum

79 2621 185 2682 fronde
206 2623 302 2683 viram
323 2638 414 2692 nova,
437 2623 515 2702 quod
536 2641 596 2683 non
619 2640 672 2684 sua
694 2625 817 2686 seminat
837 2624 940 2694 arbos,
1000 2645 1013 2671 ·

80 2712 111 2766 et
130 2723 238 2767 croceo
262 2705 324 2768 fetu
345 2707 447 2768 ter-etis
467 2707 652 2769 circumdare
673 2714 812 2770 truncos:

79 2788 144 2850 talis
165 2795 229 2851 erat
246 2791 360 2866 species
379 2792 444 2851 auri
463 2790 627 2852 frondentis
649 2809 741 2869 opaca

79 2872 160 2941 illoc,
181 2873 224 2932 sic
245 2871 305 2932 leni
325 2873 488 2950 crepitabat
506 2873 621 2935 brattea
642 2883 738 2935 rento.

81 2954 203 3031 corripit
223 2955 336 3015 Aeneas
358 2954 505 3032 extemplo
524 2956 683 3035 avidusque
703 2959 838 3037 refringit

80 3044 283 3107 cunctantem,
306 3044 334 3098 et
356 3037 427 3097 vatis
444 3045 542 3115 portat
561 3039 616 3100 sub
639 3048 714 3101 tecta
737 3041 872 3120 Sibyllae.

122 3120 184 3182 Nec
204 3122 301 3183 minam
321 3121 434 3182 interea
455 3122 599 3184 Misenum
620 3123 757 3185 inlitora
778 3124 886 3188 'leucri

79 3206 189 3269 debant
210 3211 240 3268 et
258 3207 349 3267 cineri
370 3206 486 3283 ingrato
505 3224 642 3285 suprema
663 3207 806 3270 ferebant

78 3289 222 3371 principio
242 3289 381 3368 pinguem
399 3289 489 3351 taedis
512 3299 540 3353 et
560 3289 669 3353 robore
691 3301 771 3354 secto

79 3377 228 3453 ingentem
249 3381 384 3434 struxere
405 3392 521 3453 pyram,
544 3378 591 3437 cui
611 3376 765 3438 frondibus
785 3380 856 3440 atris

79 3460 213 3521 intexunt
234 3457 326 3519 latera
348 3464 377 3518 et
396 3457 494 3520 feralis
512 3467 580 3521 ante
599 3479 755 3539 cupressos

80 3544 274 3612 constituunt,
299 3541 497 3622 decorantque
517 3561 608 3624 super
630 3544 810 3623 fulgentibus
831 3547 929 3608 armis.
1000 3580 1008 3594 ·
