2512 4096
135 280 137 285 ·
166 271 226 332 tto
498 283 640 330 vnnornr
658 282 780 329 anunm
797 283 847 329 vn

166 439 262 500 omnia
283 436 337 498 sub
357 436 491 514 pedihus,
512 455 568 514 qua
589 434 638 498 Sol
661 443 818 513 utrumque
839 452 995 496 recurrens

169 522 270 598 aspicit
290 518 447 594 Oceanum,
470 522 600 599 vertique
621 521 741 598 regique
763 517 923 579 videbunt·

167 606 239 665 haec
261 621 402 682 responsa
422 608 512 681 patris
533 603 625 664 Fanni
644 604 829 680 monitusque
851 599 945 661 silenti

167 695 252 748 nocte
275 688 357 747 datos
377 705 437 747 non
458 689 521 766 ipsc
542 705 595 747 suo
617 688 725 766 premit
746 703 798 746 ore
820 685 946 754 Latinus,

168 771 218 832 sed
234 773 344 831 circum
364 769 421 831 late
440 771 562 831 volitans
580 771 636 830 iam
656 771 745 830 Fama
764 786 818 846 per
840 768 929 828 urbes

167 855 308 915 Ausonias
327 853 441 924 tulerat,
466 871 537 915 cum
553 853 760 914 Laomedontia
780 851 874 929 pubes
1084 894 1095 929 ,
1127 860 1178 908 111

167 938 316 1016 gramineo
340 938 421 1014 ripae
442 937 572 1014 religavit
592 937 629 997 ab
650 954 758 1016 aggere
780 935 911 996 classem.

209 1021 321 1081 Aeneas
342 1021 488 1100 primique
510 1022 599 1080 duces
621 1027 649 1081 et
670 1019 794 1099 pulcher
815 1018 894 1079 lulus

168 1120 291 1182 corpora
314 1103 369 1164 snb
392 1105 481 1164 ramis
503 1102 654 1182 deponunt
674 1103 790 1163 arboris
812 1101 886 1162 altae

167 1188 379 1266 instituuntque
402 1189 491 1264 dapes
510 1194 538 1247 et
559 1187 665 1247 adorea
687 1186 745 1246 liba
767 1203 821 1263 per
842 1183 964 1246 herbam

103 1297 111 1314 ·
168 1270 315 1331 subiciunt
336 1271 430 1349 epulis
452 1270 504 1349 (sic
524 1270 654 1348 luppiter
675 1271 737 1348 ipse
757 1268 904 1345 monebat)
1130 1275 1180 1326 111

168 1362 197 1412 11
219 1353 337 1413 Cereale
355 1353 450 1414 solum
467 1355 563 1432 pomis
584 1353 748 1430 agrestibus
770 1360 886 1430 augent.

168 1437 346 1513 consumptis
367 1437 415 1497 hie
437 1437 513 1498 lorte
535 1435 596 1497 aliis
616 1446 649 1497 ut
670 1444 785 1497 vertere
806 1453 922 1496 nrorsus

169 1520 302 1596 exiguam
322 1520 353 1579 in
376 1519 513 1581 Cererem
534 1521 657 1599 penuria
678 1519 774 1598 adegit
792 1519 896 1580 edendi

169 1610 197 1662 et
215 1600 323 1662 violare
340 1620 428 1662 manu
447 1603 589 1682 malisque
611 1603 770 1663 audacibus
792 1602 894 1663 orbern

170 1683 264 1745 latalis
282 1687 373 1746 crusti
395 1685 502 1764 patulis
520 1704 576 1747 nee
596 1703 719 1764 parcere
740 1687 873 1765 quadris:
1129 1694 1179 1743 111

169 1767 271 1828 ‘heusl
293 1769 379 1830 etiam
399 1785 514 1830 mensas
537 1769 747 1830 consumimus'
770 1772 864 1846 inquit
886 1769 972 1838 lulus,

168 1869 223 1912 uec
244 1850 329 1929 plura
349 1851 499 1914 adludens.
544 1871 576 1914 11
599 1870 654 1913 vox
673 1854 769 1913 audita
790 1851 923 1914 laborum

167 1935 261 2012 prima
284 1933 349 1996 tulit
370 1936 467 2005 1111111,
491 1937 674 2014 primamque
693 1936 838 2015 loquentis
860 1937 895 1996 ab
920 1955 970 1995 ore

107 2082 109 2086 ,
168 2019 276 2096 eripuit
295 2026 434 2098 paterae
455 2020 635 2098 stupefactus
656 2021 775 2080 numine
796 2020 911 2098 pressit.

168 2101 306 2163 continuo
329 2100 422 2164 ‘salve
443 2102 508 2163 latis
529 2104 599 2163 mibi
621 2102 719 2164 debita
740 2103 826 2164 telius
1128 2112 1180 2160 111

168 2185 290 2263 rosque'
312 2187 360 2256 ait,
382 2193 414 2245 ‘o
434 2186 484 2247 ndi
505 2187 611 2247 'l'roiae
629 2187 736 2249 salvete
757 2195 891 2266 penates:

168 2267 216 2329 hle
239 2268 353 2340 domus,
376 2267 450 2331 haec
469 2272 564 2347 patria
580 2277 632 2331 est.
667 2273 780 2349 genitor
799 2271 870 2332 mihi
891 2270 959 2330 talia
981 2287 1107 2349 namque

167 2351 256 2429 (nnnc
272 2352 384 2431 repeto)
406 2353 549 2414 Anchises
569 2352 697 2415 latorum
719 2373 825 2416 arcana
847 2355 981 2432 reliquit:

169 2452 235 2498 cum
258 2441 296 2505 te,
319 2444 396 2506 nate,
416 2437 507 2497 fames
528 2439 628 2514 ignota
646 2438 682 2497 ad
705 2437 789 2498 litora
811 2447 925 2499 vectum

169 2519 270 2579 accisis
291 2527 376 2596 coget
397 2519 522 2596 dapibus
543 2537 717 2581 consumere
739 2538 864 2592 mensas,
1128 2530 1178 2577 rao

91 2660 94 2665 .
168 2610 229 2663 tum
252 2619 372 2680 sperare
395 2603 497 2664 domos
518 2603 649 2664 defessus
670 2603 770 2682 ibique
793 2614 941 2666 memento

168 2686 263 2762 prima
282 2685 380 2745 locare
402 2703 490 2745 manu
508 2685 663 2762 molirique
685 2704 792 2764 aggere
814 2695 899 2748 tecta.

169 2766 240 2827 haec
264 2776 326 2828 erat
346 2767 394 2828 illa
416 2770 521 2838 lames;
541 2770 620 2853 haec·
636 2787 690 2830 nos
708 2787 846 2848 suprema
868 2771 1012 2841 manebat,

169 2848 260 2909 exiliis
278 2852 409 2928 positura
432 2852 560 2913 modum.

168 2949 260 3010 qnare
282 2935 358 3012 agite
379 2943 409 2996 et
428 2937 523 3014 primo
544 2936 611 2998 laeti
633 2955 700 2998 cum
721 2937 832 3000 lumine
853 2939 923 3000 solis
1127 2947 1179 2996 111

168 3033 243 3094 qnae
265 3016 338 3088 loca,
363 3022 446 3098 quive
467 3019 595 3082 habeant
614 3022 755 3094 homines,
779 3022 830 3083 uhi
851 3025 965 3084 moenia
988 3024 1090 3100 gentis,

169 3100 343 3178 vestigemus
366 3110 394 3164 et
413 3121 429 3163 a
450 3112 539 3181 portn
562 3105 674 3167 diversa
695 3116 837 3184 petamus.

164 3196 246 3242 <nunc
267 3191 384 3260 pateras
405 3187 493 3249 libate
515 3188 575 3248 lovi
597 3189 792 3266 precibusque
814 3198 914 3250 vocate

168 3266 312 3327 anchisen
333 3271 496 3346 genitorem
514 3270 554 3352 [ct
573 3273 638 3331 vina
657 3273 791 3350 reponite
815 3255 958 3346 mensis].'

168 3351 209 3410 sie
235 3348 339 3410 deinde
363 3354 464 3413 effatus
485 3352 633 3413 frondenti
655 3362 787 3432 tempora
807 3372 890 3415 ramo
1130 3368 1178 3414 rao

169 3431 298 3510 implicat
318 3443 347 3494 et
368 3436 544 3516 geniumque
563 3436 820 3516 lociprimamqne
843 3440 965 3500 deorum

167 3514 316 3578 Tellurem
337 3517 538 3598 nymphasque
561 3527 589 3580 et
610 3519 706 3582 adhuc
726 3521 824 3600 ignota
846 3532 984 3604 precatur
