2512 4096
388 268 531 318 veneror
552 268 678 318 sununs
700 268 741 317 u1
1015 259 1074 330 tto

56 430 222 485 consertum
246 432 383 502 tegumen
402 423 508 501 spinis,
533 429 562 483 at
580 430 677 484 cetera
700 423 814 485 Graius.

56 505 100 587 [et
122 506 268 583 quondam
289 508 390 585 patriis
411 507 448 569 ad
468 506 587 567 Troiam
610 509 716 568 missus
736 507 765 567 in
784 508 897 589 armis]
1023 519 1075 576 595

55 593 138 667 isque
159 588 209 650 ubi
230 589 391 652 Dardanios
412 590 528 651 habitus
551 597 580 651 et
600 590 688 651 Troia
711 590 780 651 vidit

56 681 137 734 arma
159 674 278 752 procul,
306 674 426 753 paulum
449 675 766 752 aspectuconterritus
788 674 881 736 haesit

57 758 256 837 continuitque
280 758 420 838 gradum:
443 775 513 819 mox
532 775 597 818 sese
619 757 655 818 ad
673 756 758 818 litora
779 776 922 838 praeceps

56 858 123 902 cum
144 840 214 902 ssetu
234 841 431 920 precibusque
452 840 530 902 tulit:
551 851 618 919 ‘per
638 840 733 902 sidera
754 848 860 911 testor,
952 870 957 880 ·

30 936 35 944 '
56 941 109 1002 per
129 942 253 1003 superos
272 933 359 1005 atquc
377 925 434 987 hcc
457 924 529 987 caeli
550 923 689 1002 spirabile
709 941 836 996 numen,

55 1007 145 1071 tollite
165 1027 228 1078 me,
250 1009 595 1093 Teucrirquascumque
614 1008 750 1070 abducite
762 1015 873 1071 terras:

55 1093 113 1153 hoc
128 1101 172 1153 sat
193 1094 256 1153 erit.
300 1095 361 1154 scio
379 1112 427 1155 me
444 1093 551 1154 Danais
573 1111 590 1153 e
609 1091 749 1153 classibus
769 1110 870 1162 unum,

56 1183 85 1237 et
105 1175 181 1237 bello
200 1175 303 1238 Iliacos
324 1177 418 1238 lateor
441 1178 559 1255 petiisse
579 1183 708 1255 penates.

55 1276 205 1340 proquo,
225 1261 249 1321 si
270 1260 390 1324 sceleris
412 1267 491 1322 tanta
512 1266 556 1321 est
577 1261 683 1322 iniuria
705 1260 811 1328 nostri,

55 1346 182 1424 spargite
203 1345 302 1405 mein
325 1343 431 1406 fluctus
453 1350 592 1422 vastoque
613 1345 767 1421 inmergite
786 1349 885 1421 ponto.

55 1429 80 1488 si
101 1446 208 1506 pereo,
230 1429 383 1489 hominum
404 1427 539 1488 manibus
556 1428 678 1505 periisse
697 1424 825 1488 iuvabit!

55 1512 181 1582 dixerat,
206 1520 235 1574 et
257 1530 352 1590 genua
374 1510 527 1590 amplexus
548 1510 731 1589 genibusque
750 1510 881 1571 volutans

55 1595 204 1657 haerebat.
249 1597 299 1676 qui
320 1596 357 1655 sit
373 1595 442 1664 lari,
466 1613 524 1674 quc
546 1595 687 1673 sanguine
708 1600 820 1664 cretus,

55 1679 224 1749 hortamur,
245 1698 319 1759 quae
341 1679 446 1740 deinde
465 1679 555 1755 agitet
572 1679 689 1739 fortune
710 1677 804 1739 fateri.

55 1764 117 1840 ipse
138 1762 221 1842 pater
240 1763 372 1826 dextram
397 1763 538 1825 Anchises
560 1762 631 1825 haut
651 1763 742 1824 multa
760 1769 892 1825 moratus

47 1846 105 1906 dat
125 1848 238 1918 iuveni,
255 1855 341 1926 atque
363 1849 493 1908 animum
514 1848 662 1925 praesenti
680 1849 804 1926 pignore
825 1846 931 1908 firmat.

57 1929 106 1990 ille
123 1930 197 1991 haec
216 1931 346 2009 deposita
366 1931 483 1992 tandem
504 1931 659 1991 tormidine
676 1929 769 1991 latur:

72 2029 138 2072 sum
159 2015 253 2090 patria
275 2032 311 2074 ex
333 2013 446 2084 Ithaca,
473 2030 572 2074 comes
591 2012 714 2074 infelicis
733 2011 822 2082 Ulixi,

55 2097 174 2157 nomine
193 2095 436 2168 Achaemenides,
458 2095 577 2157 Troiam
598 2096 729 2173 genitore
752 2096 908 2156 Adamasto

57 2196 186 2259 paupere
207 2180 427 2259 (mansissetque
447 2180 559 2240 utinam
581 2178 721 2259 fortunat)
742 2178 901 2256 proiectus.

33 2264 104 2324 „hic
122 2282 186 2333 me,
205 2263 275 2325 dum
292 2262 399 2340 trepidi
419 2261 549 2323 crudelia
570 2261 669 2321 limina
686 2260 812 2331 lincunt,

55 2349 233 2408 inmemores
253 2347 324 2407 sccii
344 2354 424 2407 vasto
445 2344 578 2424 Cyclopis
599 2347 628 2405 in
646 2352 730 2406 antro

56 2431 224 2492 deseruere.
269 2430 374 2491 domus
394 2431 475 2492 sunie
496 2428 677 2508 dapibusque
699 2431 826 2492 cruentis

54 2516 134 2575 intus
153 2531 243 2592 opaea
265 2516 376 2594 ingens.
420 2515 482 2592 ipse
507 2514 616 2575 arduus
637 2512 752 2592 altaque
772 2513 868 2594 pulsat

55 2597 152 2659 sidera
175 2597 215 2674 (di
237 2597 324 2659 talem
345 2599 432 2659 terris
454 2599 573 2659 avertite
591 2596 726 2677 pesteml)

55 2699 111 2742 nec
133 2683 195 2743 visu
217 2681 309 2744 facilis
328 2699 383 2743 nec
404 2682 483 2742 dictu
503 2679 624 2742 eliabilis
645 2679 705 2742 ulli.

55 2765 214 2827 visceribus
235 2767 410 2844 miserorum
432 2772 460 2826 et
479 2766 620 2843 sanguine
641 2766 767 2828 vescitur
788 2773 861 2827 atro.

55 2847 116 2909 virli
134 2857 250 2925 egomet
271 2849 330 2910 duo
351 2849 388 2909 de
409 2866 619 2909 numerosum
641 2865 766 2926 corpora
785 2855 887 2910 nostro
963 2868 966 2873 ·

56 2948 164 3008 prensa
184 2948 273 2991 manu
294 2948 400 3008 magna
420 2930 516 2993 medio
536 2928 692 3008 resupinus
716 2934 747 2990 in
769 2939 853 2991 antro

56 3014 208 3092 frangeret
226 3012 264 3074 ad
284 3031 388 3075 saxum
409 3014 546 3091 sanieque
563 3030 689 3092 expersa
707 3021 841 3075 natarent

55 3096 169 3166 limina,
194 3095 251 3157 ridi
272 3104 336 3157 atro
359 3113 427 3157 cum
449 3093 581 3156 membra
602 3094 722 3157 [luentia
743 3096 811 3157 tabo

55 3180 209 3242 manderet
231 3188 260 3245 et
281 3180 371 3259 tepidi
391 3186 552 3241 tremerent
573 3178 628 3239 sub
651 3178 786 3243 dentibus
808 3189 898 3244 artus.

55 3263 127 3325 haut
144 3264 254 3342 inpune
274 3264 408 3344 quidem;
429 3281 486 3326 noc
504 3262 571 3323 talia
589 3279 693 3340 passus
717 3262 811 3326 Ulixes

55 3345 198 3408 oblitusve
218 3348 291 3409 suist
308 3348 425 3410 Ithacus
438 3347 606 3410 discrimine
625 3353 715 3408 tanto.

54 3448 125 3491 nam
147 3431 233 3492 simul
255 3431 387 3509 expletus
410 3430 534 3511 dapibus
555 3431 680 3510 vinoque
701 3433 833 3511 sepultus

56 3516 200 3576 cervicem
217 3514 352 3576 inflexam
373 3516 470 3592 posuit
488 3516 634 3594 iacuitque
655 3534 710 3594 per
731 3525 847 3578 anuum

108 3629 239 3668 eruorem
258 3628 373 3666 resen„
827 3615 862 3672 ttt
