2512 4096
467 269 612 315 vuuului
627 269 751 317 neumis
768 271 806 318 11
866 300 868 303 ·

125 423 234 494 ‘alma,
259 423 313 484 tihi
334 423 420 492 hanc,
444 440 600 484 nemorum
623 422 737 493 cultrix,
758 424 879 486 Latonia
901 428 992 506 virgo,

124 511 190 586 ipse
212 515 297 585 pater
319 505 457 567 famulam
478 524 585 575 voveo:
608 515 659 568 tua
681 509 776 586 prima
797 526 852 587 per
873 529 959 571 auras

125 591 185 651 tola
203 599 307 651 tenens
325 589 449 669 supplex
470 590 586 651 hostem
607 590 691 667 fugit.
728 593 838 670 accipe,
861 601 961 663 testor,

124 675 191 735 diva
212 681 302 743 tuam,
322 691 397 754 quae
419 691 498 734 nunc
520 673 616 735 dubiis
635 676 826 737 committitur
846 677 951 739 auris.'
1052 729 1058 743 ,
1086 687 1137 740 ooo

125 759 197 819 dixit
219 766 248 818 ot
270 758 396 819 adducto
419 765 589 818 contortum
606 757 710 819 hastile
732 757 843 821 lacerto

124 843 259 903 inmittit:
282 859 410 903 sonuere
430 842 537 911 undae,
560 842 696 921 rapidum
718 861 807 921 super
828 862 943 907 amnem

123 924 224 987 infelix
246 927 320 1005 iugit
340 928 370 986 in
391 924 486 987 iaculo
508 926 650 987 stridente
673 925 800 989 Camilla.

124 1018 153 1070 at
175 1008 317 1080 Metabus,
336 1027 443 1088 magna
465 1012 588 1090 propius
609 1012 667 1072 iam
687 1020 811 1089 urgente
829 1021 955 1081 caterva,

125 1093 175 1154 dat
192 1110 257 1154 sese
278 1093 366 1172 lluvio
385 1103 473 1172 atque
495 1094 609 1156 hastam
629 1113 697 1155 oum
718 1096 831 1174 virgine
852 1098 945 1158 victor

124 1177 276 1256 gramineo
296 1177 405 1238 donum
428 1177 544 1239 Triviae
566 1178 603 1240 de
621 1180 749 1257 caespite
771 1179 857 1245 vellit.

124 1278 186 1322 non
207 1258 289 1322 illum
312 1260 504 1331 teotisnllae,
528 1279 588 1322 non
609 1262 763 1324 moenibus
785 1263 875 1325 urbes

124 1361 267 1423 accepere
289 1362 386 1424 neque
407 1347 471 1423 ipse
493 1362 597 1407 manus
618 1345 732 1408 feritate
753 1347 894 1410 dedisset:

122 1435 274 1508 pastorum
297 1435 326 1490 et
347 1427 418 1489 solis
439 1431 536 1506 exegit
557 1429 706 1491 montibus
727 1449 838 1492 aevom.

122 1512 172 1573 liic
193 1519 291 1573 natam
310 1513 340 1572 in
361 1512 456 1575 dumis
477 1514 613 1592 interque
633 1514 784 1576 horrentia
807 1515 899 1578 lustra

123 1595 291 1657 armentalis
313 1614 406 1676 equae
426 1599 561 1658 mammis
582 1604 612 1659 et
631 1599 708 1659 lacte
727 1599 821 1660 ierino

122 1680 263 1750 nutribat,
283 1683 394 1742 teneris
412 1681 578 1759 immulgens
598 1682 690 1743 ubera
710 1682 810 1744 labris.

123 1772 215 1843 utque
234 1764 343 1844 pedum
365 1766 468 1844 primis
491 1766 586 1826 inians
606 1767 726 1845 vestigia
747 1767 853 1845 plantis

121 1848 275 1918 institerat,
296 1848 391 1909 iaculo
411 1849 524 1928 palmas
547 1853 670 1912 armavit
693 1858 778 1912 acuto

121 1931 291 2011 spiculaque
314 1952 350 1993 ex
369 1952 473 1994 umero
496 1952 604 2012 parvae
626 1935 779 2013 suspendit
800 1941 829 1994 et
845 1950 956 1994 arcum

121 2031 177 2095 pro
199 2015 301 2076 crinali
325 2033 408 2087 auro,
429 2034 484 2094 pro
506 2016 612 2092 longae
632 2019 761 2094 tegmine
783 2015 878 2094 pallae

122 2099 237 2176 tigridis
258 2101 379 2159 exuviae
400 2118 455 2177 per
478 2099 598 2160 dorsum
621 2119 637 2160 a
661 2101 771 2161 uertice
792 2098 930 2178 pendent.

122 2181 180 2244 tela
202 2183 370 2242 manniam
392 2191 455 2243 tum
477 2190 577 2243 tenera
599 2182 723 2260 puerilia
746 2183 832 2244 torsit

123 2275 152 2328 et
171 2266 292 2328 lundam
313 2268 398 2325 tereti
417 2268 528 2327 circum
549 2274 637 2344 caput
657 2268 716 2343 egit
737 2266 853 2327 habena

124 2351 380 2430 Strymoniamque
402 2367 506 2427 gruem
526 2358 576 2411 aut
597 2349 696 2412 album
717 2351 821 2412 deiecit
843 2350 965 2413 olorem.

124 2432 232 2494 multae
249 2433 329 2494 illam
351 2434 461 2494 frustra
478 2432 632 2513 Tyrrhena
649 2452 703 2513 per
724 2435 831 2513 oppida
853 2440 963 2495 matres

124 2524 263 2596 optavere
283 2535 407 2579 nurum:
431 2517 492 2578 sola
516 2525 652 2580 contenta
672 2519 763 2580 Diana
842 2569 846 2576 .

124 2609 276 2664 aeternum
296 2601 422 2664 telorum
448 2610 477 2663 et
498 2603 670 2680 virginitatis
687 2618 819 2665 amorem

115 2688 297 2748 >intemerata
316 2685 404 2766 colit.)
435 2687 554 2748 ‘eodem
577 2687 649 2748 haut
671 2693 809 2766 correpta
832 2687 934 2749 luisset

124 2768 226 2832 militia
247 2769 306 2842 tali,
330 2778 434 2833 conata
457 2771 603 2834 lacessere
625 2771 772 2834 Teucros:

124 2872 193 2916 cara
216 2853 287 2915 mihi
309 2856 506 2935 comitumque
530 2856 607 2916 foret
629 2873 707 2918 nuno
725 2874 784 2916 una
807 2874 950 2918 mearum.

124 2954 227 2998 verum
249 2953 313 3012 ago,
334 2938 569 3078 quandopuidem
592 2938 658 2999 latis
680 2947 804 3015 urgetur
826 2938 950 3008 acerbis,

124 3019 236 3088 labere,
259 3019 396 3098 nympha,
418 3038 457 3098 po
508 3021 633 3099 finisque
653 3022 747 3082 invise
768 3021 897 3089 latinos,

125 3103 217 3163 tristis
239 3102 290 3162 ubi
310 3101 437 3163 infausto
459 3105 650 3165 committitur
669 3106 767 3165 omine
788 3122 896 3183 pugna.

125 3188 199 3248 haec
221 3203 293 3264 cape
315 3193 344 3246 et
364 3186 499 3248 ultricem
521 3187 660 3265 pharetra
680 3188 821 3267 deprome
840 3189 989 3266 sagittam:

125 3271 181 3332 hac
200 3271 377 3349 meumque
398 3288 515 3333 sacrum
538 3269 650 3333 violarit
669 3270 790 3334 vomere
806 3289 924 3351 corpus,

125 3355 201 3415 Tros
219 3352 376 3433 Italusque,
398 3355 468 3416 mihi
486 3357 598 3434 pariter
616 3356 665 3418 det
686 3357 828 3435 sanguine
849 3373 969 3436 poenas.

127 3447 194 3518 post
215 3455 270 3515 ego
292 3438 372 3499 nube
392 3457 460 3500 cava
482 3440 666 3502 miserandae
689 3458 797 3518 corpus
816 3447 845 3502 et
867 3459 948 3502 arma

126 3522 278 3602 inspoliata
300 3521 392 3583 leram
416 3522 529 3585 tumulo
551 3525 722 3602 patriaeque
743 3521 907 3604 reponam.⁸

196 3637 330 3682 sinerer,
350 3635 462 3671 resurr..
889 3624 925 3683 21
