2512 4096
124 280 181 345 102
460 288 603 336 vsaomr
625 287 749 335 anunm
773 288 785 335 1

119 446 283 527 inprovisus
305 445 359 506 ait:
382 454 511 512 ‘coram,
538 461 624 523 quem
647 443 798 521 quaeritis,
819 441 919 502 adsum
1079 451 1126 506 scs

119 531 222 592 Troius
239 530 369 599 deneas,
390 526 505 607 Libycis
526 533 645 606 ereptus
665 525 701 586 ab
722 525 817 586 undis.

119 632 137 674 c
159 612 220 673 sola
238 611 371 673 infandos
390 611 496 673 Troiae
518 611 653 673 miserata
675 609 806 679 labores,

120 715 195 775 quae
214 713 283 766 nos,
303 693 441 776 reliquias
460 694 607 765 Danaum,
629 701 785 770 terraeque
805 693 953 772 marisque

120 780 256 842 omnibus
276 778 422 841 exhaustis
443 779 501 839 iam
529 777 645 839 casibus
667 778 796 838 omnium
817 793 925 854 egenos

120 865 195 927 urbe
217 864 305 924 domo
325 862 433 932 socias,
456 870 553 940 grates
573 862 741 940 persolvere
762 860 863 938 dignas
1080 871 1128 924 coe

120 965 180 1009 non
202 948 265 1025 opis
287 952 331 1009 est
350 952 484 1015 nostrae,
507 946 596 1017 Dido,
617 964 673 1007 neo
694 945 833 1023 quidquid
854 944 963 1022 ubique
986 952 1030 1004 est

44 1035 46 1039 ’
121 1031 215 1110 gentis
236 1029 414 1100 Dardaniae,
438 1047 576 1109 magnum
598 1048 673 1110 quae
694 1046 794 1108 sparsa
816 1045 870 1107 per
890 1026 1003 1088 orbem.

121 1117 151 1178 di
168 1114 236 1186 tibi,
259 1115 342 1195 siqua
363 1115 426 1192 pios
445 1121 611 1192 respectant
631 1115 764 1186 numina,
786 1113 881 1191 siquid

120 1216 246 1278 usquam
267 1198 373 1259 iustitia
393 1205 437 1258 est
459 1205 488 1259 et
506 1215 587 1259 mens
608 1197 664 1259 sibi
685 1199 801 1259 conscia
820 1198 909 1266 recti,

121 1283 252 1363 praemia
271 1282 358 1359 digna
380 1282 484 1343 lerant.
530 1300 605 1361 quae
628 1289 656 1343 te
677 1290 736 1342 mm
755 1279 831 1343 laeta
852 1279 980 1341 tulerunt
1082 1291 1130 1343 605

121 1365 256 1428 saecula?
278 1367 328 1445 qui
349 1366 421 1426 tanti
437 1365 524 1427 talem
542 1384 672 1446 genuere
694 1364 848 1444 parentes?

121 1449 152 1510 in
172 1449 246 1510 lreta
268 1448 338 1509 dum
356 1448 435 1510 llurii
458 1459 593 1519 current,
617 1451 686 1512 dum
706 1447 854 1511 montibus
875 1449 998 1509 umbrae

121 1530 300 1603 lustrabunt,
320 1549 446 1593 convexa
468 1533 553 1612 polus
572 1534 642 1595 dum
664 1534 759 1595 sidera
779 1539 896 1610 pascet,

121 1632 239 1693 semper
258 1616 354 1676 honos
370 1634 536 1696 nomenque
557 1625 640 1680 tuum
662 1616 820 1696 laudesque
841 1615 1016 1684 manebunt,

123 1717 198 1778 quae
222 1717 269 1760 me
292 1716 418 1778 cumque
440 1710 545 1761 vocant
564 1699 687 1763 terrae.'
731 1703 773 1762 sic
794 1700 870 1761 latus
893 1701 1017 1760 amicum
1082 1711 1132 1765 610

122 1782 230 1845 Ilionea
248 1784 321 1861 petit
339 1783 456 1853 dextra,
479 1783 619 1864 laevaque
640 1785 805 1852 Serestum,

121 1874 188 1946 post
209 1865 295 1938 alios,
319 1866 484 1948 fortemque
505 1866 586 1948 Gyan
602 1870 767 1947 fortemque
782 1867 965 1928 Cloanthum.

165 1949 311 2030 Opstipuit
330 1951 427 2027 primo
449 1960 568 2030 aspectu
588 1952 706 2013 Sidonia
727 1951 814 2020 Dido,

122 2051 192 2096 casu
215 2034 320 2096 deinde
342 2035 395 2094 viri
416 2043 512 2104 tanto,
536 2044 564 2096 et
585 2038 627 2097 sio
647 2053 699 2097 ore
717 2035 814 2097 locuta
833 2044 891 2095 est:

123 2119 203 2196 ‘quis
225 2127 268 2188 te,
291 2125 358 2179 nate
380 2117 451 2188 dea,
473 2137 526 2198 per
546 2127 626 2180 tanta
647 2120 777 2198 pericula
799 2136 883 2180 casus
1082 2128 1131 2182 615

122 2201 301 2280 insequitur?
323 2220 398 2282 quae
422 2205 462 2263 vis
482 2203 659 2265 immanibus
678 2203 804 2285 applicat
825 2203 901 2262 orisl

122 2292 192 2344 tune
213 2283 261 2346 ille
281 2286 408 2355 deneas,
430 2304 519 2366 quem
535 2288 680 2349 Dardanio
702 2287 846 2348 Anchisae

123 2365 199 2427 alnn
220 2365 317 2429 Venus
337 2369 456 2448 Phrygii
477 2372 577 2449 genuit
594 2371 750 2432 Simoentis
770 2370 808 2432 ad
824 2368 952 2431 undam?

123 2459 209 2528 atque
230 2451 367 2528 equidem
387 2451 536 2514 Teucrum
557 2455 677 2516 memini
700 2453 807 2516 Sidona
825 2455 925 2516 venire

123 2533 230 2594 finibus
252 2533 405 2611 expulsum
425 2537 536 2613 patriis,
559 2554 633 2600 nova
653 2554 745 2616 regna
768 2543 914 2616 petentem
1084 2548 1133 2600 620

123 2616 229 2678 auxilio
252 2615 328 2685 Beli;
349 2619 464 2696 genitor
486 2626 548 2681 tum
570 2620 658 2682 Belus
680 2624 808 2701 opimam

124 2700 254 2762 vastabat
274 2699 401 2781 Cyprum
424 2707 453 2762 et
473 2704 565 2764 victor
585 2706 700 2766 dicione
719 2704 848 2767 tenebat.

122 2792 256 2863 tempore
278 2784 336 2844 iam
359 2803 394 2844 ex
416 2783 465 2845 illo
483 2804 569 2848 casus
589 2789 660 2850 mihi
682 2789 815 2866 cognitus
837 2787 918 2848 urbis

124 2867 265 2928 Troianae
285 2885 452 2947 nomenque
468 2877 552 2931 tuum
573 2888 718 2950 regesque
736 2871 859 2947 Pelasgi.

124 2951 186 3027 ipse
205 2951 298 3013 hostis
316 2950 447 3013 Teucros
467 2953 573 3033 insigni
592 2953 678 3015 laude
699 2953 825 3025 ferebat,
1086 2965 1135 3017 625

123 3051 214 3111 seque
233 3042 331 3096 ortum
354 3037 470 3116 antiqua
492 3037 676 3099 Teucrorum
698 3057 714 3099 a
736 3041 828 3117 stirpe
846 3037 971 3108 volebat.

124 3133 215 3194 quare
234 3119 310 3196 agite
328 3137 345 3179 ο
366 3122 450 3181 tectis
470 3122 589 3182 iuvenes
608 3121 754 3183 succedite
774 3124 890 3182 nostris.

124 3217 171 3261 me
190 3218 308 3281 quoque
326 3219 380 3280 per
401 3202 509 3265 multos
530 3202 631 3264 similis
653 3202 770 3266 romana
788 3203 906 3265 labores

124 3285 259 3346 iactatam
274 3283 331 3346 hae
351 3284 472 3348 demum
489 3284 580 3348 voluit
597 3285 758 3349 consistere
778 3293 873 3349 terra:

124 3384 183 3427 non
205 3367 306 3445 ignara
327 3367 396 3428 mali
417 3369 531 3429 miseris
552 3385 727 3431 succurrere
748 3368 853 3430 disco·
1088 3382 1134 3434 oso

123 3452 166 3511 sio
185 3457 345 3520 memorat;
364 3450 451 3513 simul
469 3452 587 3514 Aenean
604 3453 634 3512 in
650 3453 731 3532 regia
752 3452 832 3515 ducit

123 3542 213 3606 tecta,
233 3534 321 3597 simul
339 3533 435 3596 divom
457 3534 573 3618 templis
593 3536 694 3598 indicit
712 3537 865 3599 honorem.
