2512 4096
185 288 225 350 52
505 294 648 342 veneror
671 290 874 342 ceoncrcon

185 456 320 519 obicibus
340 455 434 532 ruptis
455 470 617 530 rursusque
638 453 668 511 in
688 468 720 510 se
742 451 804 527 ipsa
826 448 969 515 residant,

187 540 257 619 quid
279 545 392 600 tantum
415 536 532 598 Oceano
554 541 715 613 properent
735 551 768 593 se
788 529 1031 610 tinguere-soles

186 624 318 691 hiberni,
341 622 386 683 vel
408 640 483 701 quae
503 620 596 681 tardis
616 635 700 678 mora
722 615 857 676 noctibus
880 621 989 692 opstet

187 708 232 767 sin
254 707 307 767 has
328 724 366 766 ne
387 707 498 783 possim
519 711 641 764 naturae
663 699 804 761 accedere
826 700 918 775 partis

83 806 88 813 ·
188 790 310 868 frigidus
332 790 476 866 opstiterit
498 788 609 848 circum
631 783 803 863 praecordia
824 782 961 859 sanguis:

187 891 258 934 rura
280 872 352 932 mihi
375 878 403 931 et
424 873 500 948 rigui
522 870 657 947 placeant
676 869 705 928 in
724 865 847 926 vallibus
866 883 982 934 amnes,

188 955 309 1017 llumina
331 972 426 1015 amem
448 954 591 1032 silvasque
613 950 763 1030 inglorius.
802 948 893 1009 oubi
916 949 1018 1026 campi

189 1038 414 1116 Spercheosque
436 1046 465 1097 et
485 1036 647 1113 virginibus
668 1033 810 1095 bacchata
831 1032 975 1092 Lacaenis

188 1120 333 1199 Taygeta,
357 1139 375 1180 o
398 1122 447 1200 qui
468 1139 516 1180 me
537 1119 640 1196 gelidis
662 1116 839 1178 convallibus
861 1115 966 1176 Haemi

189 1206 284 1276 sistat,
308 1211 337 1265 et
358 1205 468 1283 ingenti
489 1220 640 1264 ramorum
662 1208 798 1280 protegat
818 1197 938 1260 umbra!

189 1288 273 1359 lelix,
297 1289 346 1367 qui
368 1289 462 1366 potuit
482 1306 583 1349 rerum
605 1302 784 1365 cognoscere
806 1300 934 1353 caussas,

192 1380 279 1450 atque
301 1378 397 1433 metus
419 1373 513 1432 omnis
535 1378 564 1431 et
584 1367 764 1429 inexorabile
786 1367 877 1428 iatum

190 1455 315 1515 subiecit
335 1455 460 1532 pedibus
480 1455 693 1533 strepitumque
713 1452 886 1513 Acherontis
908 1451 1000 1511 avari.

190 1540 355 1599 fortunatus
376 1547 405 1599 et
425 1537 489 1608 ille,
512 1539 583 1599 deos
605 1539 654 1616 qui
675 1535 755 1596 novit
775 1534 907 1613 agrestis,

191 1623 329 1701 Panaque
351 1622 557 1699 Silvanumque
579 1638 680 1682 senem
701 1619 901 1699 nymphasque
923 1634 1060 1682 sorores.

191 1706 272 1767 illum
293 1723 353 1765 non
375 1704 476 1784 populi
497 1706 606 1774 fascea,
628 1722 689 1763 non
710 1721 842 1781 purpura
863 1717 970 1776 regum

190 1789 271 1850 llexit
293 1797 322 1850 et
343 1789 448 1849 inlldos
470 1789 581 1866 agitans
603 1787 748 1848 discordia
770 1787 875 1847 iratres

192 1880 242 1935 aut
263 1873 414 1933 coniurato
436 1871 618 1932 descendens
639 1871 735 1931 Dacus
756 1870 792 1931 ab
815 1870 922 1937 llistro,

190 1974 251 2017 non
272 1974 322 2016 res
343 1954 492 2016 Romanae
513 1956 702 2033 perituraque
723 1972 828 2032 regna,
850 1970 947 2030 neque
968 1952 1021 2015 ille

191 2047 241 2101 aut
263 2038 355 2100 doluit
376 2041 520 2100 miserans
540 2041 658 2116 inopem
680 2044 729 2099 aut
750 2037 850 2098 invidit
871 2035 1001 2097 habenti.

192 2141 265 2202 quos
286 2124 361 2183 rami
382 2124 510 2195 fructus,
534 2141 608 2202 quos
628 2124 691 2200 ipsa
713 2120 838 2182 volentia
858 2138 928 2181 rura

192 2213 296 2282 sponte
318 2205 411 2267 tulere
433 2225 500 2277 sua,
524 2209 646 2285 carpsit,
668 2223 724 2267 nec
746 2204 843 2266 ferrea
864 2205 928 2264 iura

191 2289 384 2366 insanumque
406 2291 503 2351 lorum
525 2299 575 2351 aut
596 2289 697 2368 populi
719 2287 861 2349 tabularia
882 2287 961 2348 vidit.

191 2369 347 2431 sollicitant
369 2372 415 2431 alii
436 2376 525 2433 remis
547 2375 621 2434 treta
643 2391 744 2442 caeca,
766 2378 914 2450 ruuntque

191 2454 223 2514 in
248 2454 374 2525 terrum,
396 2464 551 2532 penetrant
572 2455 653 2517 aulas
675 2462 703 2517 et
724 2455 823 2516 limina
843 2472 963 2533 regnm;

192 2538 242 2597 nic
263 2537 336 2614 petit
357 2537 475 2598 excidiis
496 2540 601 2600 urbem
622 2541 804 2618 miserosque
826 2541 967 2619 penatis,

192 2626 225 2681 ut
247 2638 361 2698 gemma
382 2620 464 2680 bibat
486 2630 514 2683 et
536 2624 664 2685 Sarrano
686 2624 811 2684 dormiat
833 2630 928 2692 ostro;

192 2704 291 2764 condit
313 2721 384 2780 opes
406 2702 479 2764 alius
501 2707 676 2788 defossoque
697 2707 816 2768 incubat
837 2725 925 2777 auro:

192 2786 240 2846 hic
262 2793 361 2864 stupet
381 2789 520 2851 attonitus
540 2794 660 2860 rostris;
683 2791 763 2851 launo
783 2790 903 2868 plausus
925 2791 1059 2855 hiantem

194 2886 246 2946 per
269 2887 378 2930 cuneos
400 2874 563 2947 geminatus
584 2878 661 2936 enim
683 2873 835 2953 plebisque
855 2882 1032 2953 patrumque

194 2953 349 3030 corripuit:
372 2955 500 3030 gaudent
520 2960 631 3036 perfusi
652 2957 793 3033 sanguine
815 2959 948 3030 fratrum,

194 3034 336 3115 exilioque
359 3037 462 3099 domos
483 3048 512 3101 et
533 3043 628 3105 dulcia
649 3041 747 3101 limina
769 3050 882 3102 mutant

193 3123 279 3195 atque
301 3118 357 3179 alio
380 3124 503 3198 patriam
525 3133 670 3204 quaerunt
691 3123 745 3185 sub
769 3123 831 3185 sole
851 3127 1004 3188 iacentem.

192 3201 320 3277 agricola
342 3204 464 3268 incurvo
486 3215 596 3269 terram
619 3209 738 3268 dimovit
759 3216 872 3271 aratro:

192 3282 241 3343 hio
262 3287 330 3345 anni
351 3285 450 3360 labor,
473 3291 542 3352 hinc
563 3293 687 3369 patriam
708 3310 873 3372 parvosque
893 3299 1015 3374 penates

192 3368 329 3436 sustinet,
345 3368 416 3466 binc
432 3382 563 3435 armenta
585 3374 675 3435 boum
693 3378 871 3455 meritosque
895 3380 1045 3439 iuvencos.

192 3465 248 3510 nec
269 3469 399 3531 requies,
424 3458 492 3534 quin
516 3464 566 3517 aut
586 3459 681 3535 pomis
703 3459 843 3521 exuberet
864 3480 957 3522 annus

195 3538 244 3592 aut
265 3535 325 3595 letu
346 3553 489 3614 pecorum
512 3547 561 3601 aut
582 3540 708 3604 Cerealis
730 3545 853 3620 mergite
875 3545 972 3614 culmi,
