<?xml version="1.0" encoding="UTF-8"?>
<!DOCTYPE html PUBLIC "-//W3C//DTD XHTML 1.0 Transitional//EN"
    "http://www.w3.org/TR/xhtml1/DTD/xhtml1-transitional.dtd">
<html xmlns="http://www.w3.org/1999/xhtml" xml:lang="en" lang="en">
 <head>
  <title>
</title>
<meta http-equiv="Content-Type" content="text/html;charset=utf-8" />
  <meta name='ocr-system' content='tesseract 3.04.00' />
  <meta name='ocr-capabilities' content='ocr_page ocr_carea ocr_par ocr_line ocrx_word'/>
</head>
<body>
  <div class='ocr_page' id='page_1' title='image "./pvergilimaronis12virggoog/pvergilimaronis12virggoog_0163.png"; bbox 0 0 2512 4096; ppageno 0'>
   <div class='ocr_carea' id='block_1_1' title="bbox 150 248 828 311">
    <p class='ocr_par' dir='ltr' id='par_1_1' title="bbox 150 248 828 311">
     <span class='ocr_line' id='line_1_1' title="bbox 150 248 828 311; baseline -0.003 -3"><span class='ocrx_word' id='word_1_1' title='bbox 150 248 208 311; x_wconf 83' lang='lat'>130</span> <span class='ocrx_word' id='word_1_2' title='bbox 479 259 621 308; x_wconf 78' lang='lat' dir='ltr'>vunorm</span> <span class='ocrx_word' id='word_1_3' title='bbox 646 259 770 309; x_wconf 80' lang='lat' dir='ltr'>uunms</span> <span class='ocrx_word' id='word_1_4' title='bbox 787 260 828 307; x_wconf 91' lang='lat'>111</span> 
     </span>
    </p>
   </div>
   <div class='ocr_carea' id='block_1_2' title="bbox 71 412 1167 827">
    <p class='ocr_par' dir='ltr' id='par_1_2' title="bbox 147 412 932 475">
     <span class='ocr_line' id='line_1_2' title="bbox 147 412 932 475; baseline -0.001 0"><span class='ocrx_word' id='word_1_5' title='bbox 147 412 330 475; x_wconf 88' lang='lat' dir='ltr'>horrendum</span> <span class='ocrx_word' id='word_1_6' title='bbox 353 423 382 473; x_wconf 89' lang='lat' dir='ltr'>et</span> <span class='ocrx_word' id='word_1_7' title='bbox 404 413 484 475; x_wconf 90' lang='lat' dir='ltr'>dictu</span> <span class='ocrx_word' id='word_1_8' title='bbox 500 413 584 474; x_wconf 85' lang='lat' dir='ltr'>video</span> <span class='ocrx_word' id='word_1_9' title='bbox 604 412 736 474; x_wconf 89' lang='lat' dir='ltr'>mirabile</span> <span class='ocrx_word' id='word_1_10' title='bbox 757 420 932 474; x_wconf 91' lang='lat' dir='ltr'>monstrum.</span> 
     </span>
    </p>

    <p class='ocr_par' dir='ltr' id='par_1_3' title="bbox 147 495 915 576">
     <span class='ocr_line' id='line_1_3' title="bbox 147 495 915 576; baseline -0.003 -19"><span class='ocrx_word' id='word_1_11' title='bbox 147 515 215 557; x_wconf 88' lang='lat' dir='ltr'>nam</span> <span class='ocrx_word' id='word_1_12' title='bbox 239 515 314 576; x_wconf 91' lang='lat' dir='ltr'>quae</span> <span class='ocrx_word' id='word_1_13' title='bbox 335 498 431 576; x_wconf 89' lang='lat' dir='ltr'>prima</span> <span class='ocrx_word' id='word_1_14' title='bbox 452 497 516 558; x_wconf 89' lang='lat' dir='ltr'>solo</span> <span class='ocrx_word' id='word_1_15' title='bbox 535 498 630 576; x_wconf 91' lang='lat' dir='ltr'>ruptis</span> <span class='ocrx_word' id='word_1_16' title='bbox 649 496 796 558; x_wconf 86' lang='lat' dir='ltr'><strong>radicibus</strong></span> <span class='ocrx_word' id='word_1_17' title='bbox 819 495 915 557; x_wconf 69' lang='lat' dir='ltr'>arboe</span> 
     </span>
    </p>

    <p class='ocr_par' dir='ltr' id='par_1_4' title="bbox 71 579 890 660">
     <span class='ocr_line' id='line_1_4' title="bbox 71 579 890 660; baseline 0.002 -23"><span class='ocrx_word' id='word_1_18' title='bbox 71 651 75 660; x_wconf 31' lang='grc' dir='ltr'>Ι</span> <span class='ocrx_word' id='word_1_19' title='bbox 149 579 277 649; x_wconf 83' lang='lat' dir='ltr'>vellitur,</span> <span class='ocrx_word' id='word_1_20' title='bbox 302 579 370 640; x_wconf 89' lang='lat' dir='ltr'>huie</span> <span class='ocrx_word' id='word_1_21' title='bbox 391 587 456 640; x_wconf 91' lang='lat' dir='ltr'>atro</span> <span class='ocrx_word' id='word_1_22' title='bbox 478 579 607 642; x_wconf 80' lang='lat' dir='ltr'>licuntur</span> <span class='ocrx_word' id='word_1_23' title='bbox 629 582 770 658; x_wconf 84' lang='lat' dir='ltr'>sanguine</span> <span class='ocrx_word' id='word_1_24' title='bbox 792 586 890 659; x_wconf 84' lang='lat' dir='ltr'>guttae</span> 
     </span>
    </p>

    <p class='ocr_par' dir='ltr' id='par_1_5' title="bbox 147 662 964 740">
     <span class='ocr_line' id='line_1_5' title="bbox 147 662 964 740; baseline 0 -16"><span class='ocrx_word' id='word_1_25' title='bbox 147 671 175 724; x_wconf 90' lang='lat' dir='ltr'>ct</span> <span class='ocrx_word' id='word_1_26' title='bbox 196 669 306 724; x_wconf 88' lang='lat' dir='ltr'>terram</span> <span class='ocrx_word' id='word_1_27' title='bbox 327 662 396 723; x_wconf 91' lang='lat' dir='ltr'>tabo</span> <span class='ocrx_word' id='word_1_28' title='bbox 421 662 593 725; x_wconf 80' lang='lat' dir='ltr'>maculant·</span> <span class='ocrx_word' id='word_1_29' title='bbox 622 663 693 723; x_wconf 92' lang='lat' dir='ltr'>mihi</span> <span class='ocrx_word' id='word_1_30' title='bbox 714 662 837 740; x_wconf 81' lang='lat' dir='ltr'>frigidus</span> <span class='ocrx_word' id='word_1_31' title='bbox 857 663 964 724; x_wconf 89' lang='lat' dir='ltr'>horror</span> 
     </span>
    </p>

    <p class='ocr_par' dir='ltr' id='par_1_6' title="bbox 146 746 1167 827">
     <span class='ocr_line' id='line_1_6' title="bbox 146 746 1167 827; baseline -0.001 -20"><span class='ocrx_word' id='word_1_32' title='bbox 146 746 280 808; x_wconf 89' lang='lat' dir='ltr'>membra</span> <span class='ocrx_word' id='word_1_33' title='bbox 302 748 407 826; x_wconf 88' lang='lat' dir='ltr'>quatit,</span> <span class='ocrx_word' id='word_1_34' title='bbox 431 747 604 827; x_wconf 83' lang='lat' dir='ltr'>gelidusque</span> <span class='ocrx_word' id='word_1_35' title='bbox 625 746 684 808; x_wconf 87' lang='lat' dir='ltr'>coit</span> <span class='ocrx_word' id='word_1_36' title='bbox 705 747 860 807; x_wconf 82' lang='lat' dir='ltr'>formidine</span> <span class='ocrx_word' id='word_1_37' title='bbox 879 747 1005 825; x_wconf 86' lang='lat' dir='ltr'>sanguis.</span> <span class='ocrx_word' id='word_1_38' title='bbox 1133 759 1167 812; x_wconf 77' lang='lat' dir='ltr'>so</span> 
     </span>
    </p>
   </div>
   <div class='ocr_carea' id='block_1_3' title="bbox 66 827 874 892">
    <p class='ocr_par' dir='ltr' id='par_1_7' title="bbox 66 827 874 892">
     <span class='ocr_line' id='line_1_7' title="bbox 66 827 874 892; baseline 0.001 -3"><span class='ocrx_word' id='word_1_39' title='bbox 66 856 75 881; x_wconf 65' lang='lat' dir='ltr'>e</span> <span class='ocrx_word' id='word_1_40' title='bbox 97 862 107 879; x_wconf 69' lang='grc' dir='ltr'>ι-</span> <span class='ocrx_word' id='word_1_41' title='bbox 138 847 249 892; x_wconf 76' lang='lat' dir='ltr'>sursus</span> <span class='ocrx_word' id='word_1_42' title='bbox 271 837 300 891; x_wconf 90' lang='lat' dir='ltr'>et</span> <span class='ocrx_word' id='word_1_43' title='bbox 322 829 441 892; x_wconf 86' lang='lat' dir='ltr'>alterius</span> <span class='ocrx_word' id='word_1_44' title='bbox 463 831 574 892; x_wconf 90' lang='lat' dir='ltr'>lentum</span> <span class='ocrx_word' id='word_1_45' title='bbox 597 827 761 891; x_wconf 85' lang='lat' dir='ltr'>convellere</span> <span class='ocrx_word' id='word_1_46' title='bbox 777 831 874 892; x_wconf 83' lang='lat' dir='ltr'>vimen</span> 
     </span>
    </p>
   </div>
   <div class='ocr_carea' id='block_1_4' title="bbox 89 913 1236 2581">
    <p class='ocr_par' dir='ltr' id='par_1_8' title="bbox 89 913 1236 2334">
     <span class='ocr_line' id='line_1_8' title="bbox 145 913 909 992; baseline -0.003 -18"><span class='ocrx_word' id='word_1_47' title='bbox 145 914 285 992; x_wconf 87' lang='lat' dir='ltr'>insequor</span> <span class='ocrx_word' id='word_1_48' title='bbox 307 921 336 974; x_wconf 94' lang='lat' dir='ltr'>et</span> <span class='ocrx_word' id='word_1_49' title='bbox 358 932 460 974; x_wconf 81' lang='lat' dir='ltr'>causas</span> <span class='ocrx_word' id='word_1_50' title='bbox 482 916 598 992; x_wconf 85' lang='lat' dir='ltr'>penitus</span> <span class='ocrx_word' id='word_1_51' title='bbox 619 920 762 991; x_wconf 87' lang='lat' dir='ltr'>temptare</span> <span class='ocrx_word' id='word_1_52' title='bbox 781 913 909 975; x_wconf 89' lang='lat' dir='ltr'>latentis:</span> 
     </span>
     <span class='ocr_line' id='line_1_9' title="bbox 146 996 892 1077; baseline -0.001 -20"><span class='ocrx_word' id='word_1_53' title='bbox 146 1005 209 1058; x_wconf 91' lang='lat' dir='ltr'>ater</span> <span class='ocrx_word' id='word_1_54' title='bbox 232 1005 261 1057; x_wconf 91' lang='lat' dir='ltr'>et</span> <span class='ocrx_word' id='word_1_55' title='bbox 283 996 402 1058; x_wconf 93' lang='lat' dir='ltr'>alterius</span> <span class='ocrx_word' id='word_1_56' title='bbox 425 997 556 1077; x_wconf 91' lang='lat' dir='ltr'>sequitur</span> <span class='ocrx_word' id='word_1_57' title='bbox 575 997 612 1060; x_wconf 90' lang='lat' dir='ltr'>de</span> <span class='ocrx_word' id='word_1_58' title='bbox 635 998 744 1058; x_wconf 87' lang='lat' dir='ltr'>cortice</span> <span class='ocrx_word' id='word_1_59' title='bbox 765 999 892 1075; x_wconf 85' lang='lat' dir='ltr'>sanguis.</span> 
     </span>
     <span class='ocr_line' id='line_1_10' title="bbox 146 1079 989 1161; baseline 0.002 -21"><span class='ocrx_word' id='word_1_60' title='bbox 146 1079 236 1142; x_wconf 88' lang='lat' dir='ltr'>multa</span> <span class='ocrx_word' id='word_1_61' title='bbox 258 1098 378 1142; x_wconf 86' lang='lat' dir='ltr'>mouens</span> <span class='ocrx_word' id='word_1_62' title='bbox 400 1082 498 1142; x_wconf 91' lang='lat' dir='ltr'>animo</span> <span class='ocrx_word' id='word_1_63' title='bbox 516 1079 658 1161; x_wconf 80' lang='lat' dir='ltr'>nymphas</span> <span class='ocrx_word' id='word_1_64' title='bbox 682 1080 845 1141; x_wconf 86' lang='lat' dir='ltr'>venerabar</span> <span class='ocrx_word' id='word_1_65' title='bbox 866 1084 989 1159; x_wconf 85' lang='lat' dir='ltr'>agrestis</span> 
     </span>
     <span class='ocr_line' id='line_1_11' title="bbox 147 1164 1192 1244; baseline 0.001 -18"><span class='ocrx_word' id='word_1_66' title='bbox 147 1165 364 1244; x_wconf 81' lang='lat' dir='ltr'>Gradivomque</span> <span class='ocrx_word' id='word_1_67' title='bbox 386 1170 515 1243; x_wconf 91' lang='lat' dir='ltr'>patrem,</span> <span class='ocrx_word' id='word_1_68' title='bbox 539 1165 647 1227; x_wconf 89' lang='lat' dir='ltr'>Geticis</span> <span class='ocrx_word' id='word_1_69' title='bbox 669 1165 720 1243; x_wconf 93' lang='lat' dir='ltr'>qui</span> <span class='ocrx_word' id='word_1_70' title='bbox 740 1164 888 1242; x_wconf 89' lang='lat' dir='ltr'>praesidet</span> <span class='ocrx_word' id='word_1_71' title='bbox 909 1166 1000 1234; x_wconf 91' lang='lat' dir='ltr'>arvis,</span> <span class='ocrx_word' id='word_1_72' title='bbox 1133 1175 1192 1227; x_wconf 74' lang='lat'>35&#39;</span> 
     </span>
     <span class='ocr_line' id='line_1_12' title="bbox 89 1247 1076 1330; baseline 0 -22"><span class='ocrx_word' id='word_1_73' title='bbox 89 1287 113 1297; x_wconf 77' lang='lat'>-</span> <span class='ocrx_word' id='word_1_74' title='bbox 146 1249 202 1310; x_wconf 88' lang='lat' dir='ltr'>rite</span> <span class='ocrx_word' id='word_1_75' title='bbox 223 1247 421 1310; x_wconf 81' lang='lat' dir='ltr'>secundarent</span> <span class='ocrx_word' id='word_1_76' title='bbox 440 1249 518 1330; x_wconf 77' lang='lat' dir='ltr'>risus</span> <span class='ocrx_word' id='word_1_77' title='bbox 539 1265 686 1327; x_wconf 90' lang='lat' dir='ltr'>omenque</span> <span class='ocrx_word' id='word_1_78' title='bbox 707 1247 847 1310; x_wconf 82' lang='lat' dir='ltr'>levarent.</span> <span class='ocrx_word' id='word_1_79' title='bbox 874 1282 896 1295; x_wconf 75' lang='lat'>-</span> <span class='ocrx_word' id='word_1_80' title='bbox 1016 1281 1076 1292; x_wconf 57' lang='lat'>,-</span> 
     </span>
     <span class='ocr_line' id='line_1_13' title="bbox 146 1331 826 1412; baseline 0.001 -21"><span class='ocrx_word' id='word_1_81' title='bbox 146 1333 230 1393; x_wconf 82' lang='lat' dir='ltr'>tertia</span> <span class='ocrx_word' id='word_1_82' title='bbox 250 1332 302 1394; x_wconf 89' lang='lat' dir='ltr'>sed</span> <span class='ocrx_word' id='word_1_83' title='bbox 315 1342 471 1412; x_wconf 78' lang='lat' dir='ltr'>postquam</span> <span class='ocrx_word' id='word_1_84' title='bbox 495 1333 606 1410; x_wconf 79' lang='lat' dir='ltr'>maiore</span> <span class='ocrx_word' id='word_1_85' title='bbox 625 1331 738 1392; x_wconf 89' lang='lat' dir='ltr'>hastilia</span> <span class='ocrx_word' id='word_1_86' title='bbox 760 1333 826 1393; x_wconf 91' lang='lat' dir='ltr'>nisu</span> 
     </span>
     <span class='ocr_line' id='line_1_14' title="bbox 146 1415 981 1496; baseline 0 -21"><span class='ocrx_word' id='word_1_87' title='bbox 146 1416 302 1493; x_wconf 83' lang='lat' dir='ltr'>adgredior</span> <span class='ocrx_word' id='word_1_88' title='bbox 321 1416 504 1496; x_wconf 76' lang='lat' dir='ltr'>genibusque</span> <span class='ocrx_word' id='word_1_89' title='bbox 526 1416 664 1478; x_wconf 87' lang='lat' dir='ltr'>adversae</span> <span class='ocrx_word' id='word_1_90' title='bbox 683 1416 818 1477; x_wconf 87' lang='lat' dir='ltr'>obluctor</span> <span class='ocrx_word' id='word_1_91' title='bbox 839 1415 981 1484; x_wconf 86' lang='lat' dir='ltr'>harenae,</span> 
     </span>
     <span class='ocr_line' id='line_1_15' title="bbox 148 1497 914 1581; baseline -0.001 -21"><span class='ocrx_word' id='word_1_92' title='bbox 148 1497 279 1579; x_wconf 83' lang='lat' dir='ltr'>(eloquar</span> <span class='ocrx_word' id='word_1_93' title='bbox 297 1517 334 1560; x_wconf 92' lang='lat' dir='ltr'>an</span> <span class='ocrx_word' id='word_1_94' title='bbox 352 1500 481 1581; x_wconf 77' lang='lat' dir='ltr'>sileaml)</span> <span class='ocrx_word' id='word_1_95' title='bbox 505 1501 630 1580; x_wconf 83' lang='lat' dir='ltr'>gemitus</span> <span class='ocrx_word' id='word_1_96' title='bbox 648 1498 834 1562; x_wconf 84' lang='lat' dir='ltr'>lacrimabilis</span> <span class='ocrx_word' id='word_1_97' title='bbox 856 1501 914 1561; x_wconf 90' lang='lat' dir='ltr'>imo</span> 
     </span>
     <span class='ocr_line' id='line_1_16' title="bbox 148 1583 1236 1654; baseline 0.001 -11"><span class='ocrx_word' id='word_1_98' title='bbox 148 1583 266 1644; x_wconf 82' lang='lat' dir='ltr'>auditur</span> <span class='ocrx_word' id='word_1_99' title='bbox 287 1584 415 1654; x_wconf 91' lang='lat' dir='ltr'>tumulo,</span> <span class='ocrx_word' id='word_1_100' title='bbox 440 1592 467 1646; x_wconf 91' lang='lat' dir='ltr'>et</span> <span class='ocrx_word' id='word_1_101' title='bbox 487 1603 543 1645; x_wconf 86' lang='lat' dir='ltr'>vox</span> <span class='ocrx_word' id='word_1_102' title='bbox 565 1584 679 1646; x_wconf 90' lang='lat' dir='ltr'>reddita</span> <span class='ocrx_word' id='word_1_103' title='bbox 702 1586 797 1646; x_wconf 74' lang='lat' dir='ltr'>fertur</span> <span class='ocrx_word' id='word_1_104' title='bbox 817 1585 855 1645; x_wconf 89' lang='lat' dir='ltr'>ad</span> <span class='ocrx_word' id='word_1_105' title='bbox 877 1585 955 1644; x_wconf 89' lang='lat' dir='ltr'>auris</span> <span class='ocrx_word' id='word_1_106' title='bbox 1132 1594 1167 1644; x_wconf 79' lang='lat' dir='ltr'>to</span> <span class='ocrx_word' id='word_1_107' title='bbox 1229 1626 1236 1651; x_wconf 65' lang='lat'>,</span> 
     </span>
     <span class='ocr_line' id='line_1_17' title="bbox 147 1665 1036 1746; baseline -0.002 -19"><span class='ocrx_word' id='word_1_108' title='bbox 147 1667 231 1745; x_wconf 87' lang='lat' dir='ltr'>‘quid</span> <span class='ocrx_word' id='word_1_109' title='bbox 251 1668 407 1738; x_wconf 90' lang='lat' dir='ltr'>miserum,</span> <span class='ocrx_word' id='word_1_110' title='bbox 431 1668 543 1736; x_wconf 76' lang='lat' dir='ltr'>Aenea,</span> <span class='ocrx_word' id='word_1_111' title='bbox 570 1667 700 1729; x_wconf 78' lang='lat' dir='ltr'>laceras?</span> <span class='ocrx_word' id='word_1_112' title='bbox 720 1669 778 1728; x_wconf 91' lang='lat' dir='ltr'>iam</span> <span class='ocrx_word' id='word_1_113' title='bbox 797 1685 887 1746; x_wconf 88' lang='lat' dir='ltr'>parce</span> <span class='ocrx_word' id='word_1_114' title='bbox 908 1665 1036 1744; x_wconf 91' lang='lat' dir='ltr'>sepulto,</span> 
     </span>
     <span class='ocr_line' id='line_1_18' title="bbox 148 1750 970 1833; baseline -0.001 -22"><span class='ocrx_word' id='word_1_115' title='bbox 148 1752 320 1833; x_wconf 52' lang='lat' dir='ltr'>parce‘pias</span> <span class='ocrx_word' id='word_1_116' title='bbox 336 1750 482 1812; x_wconf 89' lang='lat' dir='ltr'>scelerare</span> <span class='ocrx_word' id='word_1_117' title='bbox 500 1768 613 1811; x_wconf 91' lang='lat' dir='ltr'>manus.</span> <span class='ocrx_word' id='word_1_118' title='bbox 658 1769 718 1811; x_wconf 91' lang='lat' dir='ltr'>non</span> <span class='ocrx_word' id='word_1_119' title='bbox 740 1770 787 1812; x_wconf 91' lang='lat' dir='ltr'>me</span> <span class='ocrx_word' id='word_1_120' title='bbox 809 1750 861 1811; x_wconf 90' lang='lat' dir='ltr'>tibi</span> <span class='ocrx_word' id='word_1_121' title='bbox 882 1751 970 1811; x_wconf 84' lang='lat' dir='ltr'>Troia</span> 
     </span>
     <span class='ocr_line' id='line_1_19' title="bbox 148 1833 949 1913; baseline -0.001 -18"><span class='ocrx_word' id='word_1_122' title='bbox 148 1841 300 1895; x_wconf 84' lang='lat' dir='ltr'>externum</span> <span class='ocrx_word' id='word_1_123' title='bbox 317 1833 383 1895; x_wconf 92' lang='lat' dir='ltr'>tulit</span> <span class='ocrx_word' id='word_1_124' title='bbox 404 1840 455 1895; x_wconf 92' lang='lat' dir='ltr'>aut</span> <span class='ocrx_word' id='word_1_125' title='bbox 475 1852 562 1895; x_wconf 89' lang='lat' dir='ltr'>cruor</span> <span class='ocrx_word' id='word_1_126' title='bbox 586 1834 633 1897; x_wconf 89' lang='lat' dir='ltr'>bic</span> <span class='ocrx_word' id='word_1_127' title='bbox 654 1835 690 1895; x_wconf 91' lang='lat' dir='ltr'>de</span> <span class='ocrx_word' id='word_1_128' title='bbox 711 1835 808 1913; x_wconf 88' lang='lat' dir='ltr'>stipite</span> <span class='ocrx_word' id='word_1_129' title='bbox 828 1843 949 1908; x_wconf 62' lang='lat' dir='ltr'>manat„</span> 
     </span>
     <span class='ocr_line' id='line_1_20' title="bbox 131 1917 908 1996; baseline -0.001 -17"><span class='ocrx_word' id='word_1_130' title='bbox 131 1919 205 1979; x_wconf 85' lang='lat' dir='ltr'>¹beu</span> <span class='ocrx_word' id='word_1_131' title='bbox 229 1918 298 1996; x_wconf 82' lang='lat' dir='ltr'>suge</span> <span class='ocrx_word' id='word_1_132' title='bbox 320 1917 446 1980; x_wconf 87' lang='lat' dir='ltr'>crudelis</span> <span class='ocrx_word' id='word_1_133' title='bbox 469 1924 578 1988; x_wconf 86' lang='lat' dir='ltr'>terras,</span> <span class='ocrx_word' id='word_1_134' title='bbox 598 1920 667 1996; x_wconf 84' lang='lat' dir='ltr'>luge</span> <span class='ocrx_word' id='word_1_135' title='bbox 689 1917 757 1980; x_wconf 89' lang='lat' dir='ltr'>litus</span> <span class='ocrx_word' id='word_1_136' title='bbox 779 1936 908 1978; x_wconf 84' lang='lat' dir='ltr'>avarum.</span> 
     </span>
     <span class='ocr_line' id='line_1_21' title="bbox 147 1997 1167 2081; baseline 0 -18"><span class='ocrx_word' id='word_1_137' title='bbox 147 2001 398 2080; x_wconf 66' lang='lat' dir='ltr'>uanr&#39;Polydorus</span> <span class='ocrx_word' id='word_1_138' title='bbox 420 2020 485 2081; x_wconf 83' lang='lat' dir='ltr'>ego.</span> <span class='ocrx_word' id='word_1_139' title='bbox 529 2002 577 2063; x_wconf 89' lang='lat' dir='ltr'>hic</span> <span class='ocrx_word' id='word_1_140' title='bbox 600 2003 746 2063; x_wconf 79' lang='lat' dir='ltr'>confixum</span> <span class='ocrx_word' id='word_1_141' title='bbox 771 2003 868 2064; x_wconf 83' lang='lat' dir='ltr'>ferrea</span> <span class='ocrx_word' id='word_1_142' title='bbox 891 1997 973 2063; x_wconf 82' lang='lat' dir='ltr'>texit</span> <span class='ocrx_word' id='word_1_143' title='bbox 1133 2012 1167 2064; x_wconf 69' lang='lat'>45</span> 
     </span>
     <span class='ocr_line' id='line_1_22' title="bbox 146 2084 1054 2167; baseline -0.002 -20"><span class='ocrx_word' id='word_1_144' title='bbox 146 2084 273 2149; x_wconf 81' lang='lat' dir='ltr'>telorum</span> <span class='ocrx_word' id='word_1_145' title='bbox 294 2102 379 2164; x_wconf 83' lang='lat' dir='ltr'>seges</span> <span class='ocrx_word' id='word_1_146' title='bbox 404 2094 434 2146; x_wconf 87' lang='lat' dir='ltr'>et</span> <span class='ocrx_word' id='word_1_147' title='bbox 453 2085 554 2147; x_wconf 91' lang='lat' dir='ltr'>iaculis</span> <span class='ocrx_word' id='word_1_148' title='bbox 573 2087 695 2167; x_wconf 76' lang='lat' dir='ltr'>increvit</span> <span class='ocrx_word' id='word_1_149' title='bbox 717 2084 834 2148; x_wconf 86' lang='lat' dir='ltr'>aeutis.&#39;</span> <span class='ocrx_word' id='word_1_150' title='bbox 1042 2113 1054 2145; x_wconf 70' lang='lat' dir='ltr'>a</span> 
     </span>
     <span class='ocr_line' id='line_1_23' title="bbox 145 2170 908 2248; baseline 0.004 -20"><span class='ocrx_word' id='word_1_151' title='bbox 145 2177 209 2231; x_wconf 91' lang='lat' dir='ltr'>tum</span> <span class='ocrx_word' id='word_1_152' title='bbox 228 2187 298 2229; x_wconf 89' lang='lat' dir='ltr'>vero</span> <span class='ocrx_word' id='word_1_153' title='bbox 321 2171 440 2248; x_wconf 87' lang='lat' dir='ltr'>ancipiti</span> <span class='ocrx_word' id='word_1_154' title='bbox 461 2176 589 2231; x_wconf 89' lang='lat' dir='ltr'>mentem</span> <span class='ocrx_word' id='word_1_155' title='bbox 612 2170 766 2232; x_wconf 80' lang='lat' dir='ltr'>formidine</span> <span class='ocrx_word' id='word_1_156' title='bbox 788 2188 908 2248; x_wconf 90' lang='lat' dir='ltr'>pressus</span> 
     </span>
     <span class='ocr_line' id='line_1_24' title="bbox 148 2252 1027 2334; baseline 0 -22"><span class='ocrx_word' id='word_1_157' title='bbox 148 2252 274 2330; x_wconf 89' lang='lat' dir='ltr'>obstipui</span> <span class='ocrx_word' id='word_1_158' title='bbox 295 2259 498 2334; x_wconf 85' lang='lat' dir='ltr'>steteruntque</span> <span class='ocrx_word' id='word_1_159' title='bbox 520 2272 620 2316; x_wconf 89' lang='lat' dir='ltr'>comae</span> <span class='ocrx_word' id='word_1_160' title='bbox 643 2263 671 2316; x_wconf 84' lang='lat' dir='ltr'>et</span> <span class='ocrx_word' id='word_1_161' title='bbox 691 2273 748 2316; x_wconf 83' lang='lat' dir='ltr'>vox</span> <span class='ocrx_word' id='word_1_162' title='bbox 770 2253 904 2316; x_wconf 82' lang='lat' dir='ltr'>faucibus</span> <span class='ocrx_word' id='word_1_163' title='bbox 927 2253 1027 2315; x_wconf 86' lang='lat' dir='ltr'>haesit.</span> 
     </span>
    </p>

    <p class='ocr_par' dir='ltr' id='par_1_9' title="bbox 146 2334 1167 2581">
     <span class='ocr_line' id='line_1_25' title="bbox 189 2334 1088 2417; baseline 0.002 -22"><span class='ocrx_word' id='word_1_164' title='bbox 189 2334 274 2396; x_wconf 93' lang='lat' dir='ltr'>llunc</span> <span class='ocrx_word' id='word_1_165' title='bbox 295 2336 473 2417; x_wconf 80' lang='lat' dir='ltr'>Polydorum</span> <span class='ocrx_word' id='word_1_166' title='bbox 495 2339 558 2399; x_wconf 91' lang='lat' dir='ltr'>auri</span> <span class='ocrx_word' id='word_1_167' title='bbox 579 2339 726 2416; x_wconf 90' lang='lat' dir='ltr'>quondam</span> <span class='ocrx_word' id='word_1_168' title='bbox 745 2357 812 2399; x_wconf 90' lang='lat' dir='ltr'>cum</span> <span class='ocrx_word' id='word_1_169' title='bbox 833 2339 965 2416; x_wconf 89' lang='lat' dir='ltr'>pondere</span> <span class='ocrx_word' id='word_1_170' title='bbox 984 2354 1088 2415; x_wconf 79' lang='lat' dir='ltr'>magno</span> 
     </span>
     <span class='ocr_line' id='line_1_26' title="bbox 147 2418 1167 2482; baseline 0.004 -4"><span class='ocrx_word' id='word_1_171' title='bbox 147 2418 247 2479; x_wconf 78' lang='lat' dir='ltr'>infelix</span> <span class='ocrx_word' id='word_1_172' title='bbox 269 2420 402 2481; x_wconf 90' lang='lat' dir='ltr'>Priamus</span> <span class='ocrx_word' id='word_1_173' title='bbox 425 2422 524 2482; x_wconf 77' lang='lat' dir='ltr'>irrrtim</span> <span class='ocrx_word' id='word_1_174' title='bbox 542 2420 695 2482; x_wconf 90' lang='lat' dir='ltr'>mandarat</span> <span class='ocrx_word' id='word_1_175' title='bbox 717 2421 854 2482; x_wconf 90' lang='lat' dir='ltr'>alendum</span> <span class='ocrx_word' id='word_1_176' title='bbox 1132 2433 1167 2482; x_wconf 85' lang='lat'>50</span> 
     </span>
     <span class='ocr_line' id='line_1_27' title="bbox 146 2498 1023 2581; baseline 0.001 -19"><span class='ocrx_word' id='word_1_177' title='bbox 146 2501 282 2563; x_wconf 86' lang='lat' dir='ltr'>Threicio</span> <span class='ocrx_word' id='word_1_178' title='bbox 304 2506 381 2581; x_wconf 88' lang='lat' dir='ltr'>regi,</span> <span class='ocrx_word' id='word_1_179' title='bbox 405 2522 472 2564; x_wconf 89' lang='lat' dir='ltr'>curn</span> <span class='ocrx_word' id='word_1_180' title='bbox 494 2506 552 2565; x_wconf 88' lang='lat' dir='ltr'>iarn</span> <span class='ocrx_word' id='word_1_181' title='bbox 574 2503 718 2564; x_wconf 85' lang='lat' dir='ltr'>diffideret</span> <span class='ocrx_word' id='word_1_182' title='bbox 737 2506 825 2564; x_wconf 92' lang='lat' dir='ltr'>armis</span> <span class='ocrx_word' id='word_1_183' title='bbox 1019 2498 1023 2505; x_wconf 82' lang='lat'>&#39;</span> 
     </span>
    </p>
   </div>
   <div class='ocr_carea' id='block_1_5' title="bbox 42 2584 908 2665">
    <p class='ocr_par' dir='ltr' id='par_1_10' title="bbox 42 2584 908 2665">
     <span class='ocr_line' id='line_1_28' title="bbox 42 2584 908 2665; baseline -0.001 -19"><span class='ocrx_word' id='word_1_184' title='bbox 42 2584 44 2589; x_wconf 81' lang='grc'><strong>’</strong></span> <span class='ocrx_word' id='word_1_185' title='bbox 138 2586 311 2663; x_wconf 49' lang='grc' dir='ltr'>Ιὓειινᾱᾶῐιὶαθ</span> <span class='ocrx_word' id='word_1_186' title='bbox 335 2588 470 2665; x_wconf 84' lang='lat' dir='ltr'>cingique</span> <span class='ocrx_word' id='word_1_187' title='bbox 492 2586 598 2648; x_wconf 88' lang='lat' dir='ltr'>urbem</span> <span class='ocrx_word' id='word_1_188' title='bbox 620 2586 772 2648; x_wconf 90' lang='lat' dir='ltr'>obsidione</span> <span class='ocrx_word' id='word_1_189' title='bbox 789 2588 908 2648; x_wconf 89' lang='lat' dir='ltr'>videret.</span> 
     </span>
    </p>
   </div>
   <div class='ocr_carea' id='block_1_6' title="bbox 146 2668 1168 3587">
    <p class='ocr_par' dir='ltr' id='par_1_11' title="bbox 147 2668 1036 2749">
     <span class='ocr_line' id='line_1_29' title="bbox 147 2668 1036 2749; baseline -0.001 -19"><span class='ocrx_word' id='word_1_190' title='bbox 147 2668 209 2739; x_wconf 90' lang='lat' dir='ltr'>ille,</span> <span class='ocrx_word' id='word_1_191' title='bbox 233 2678 265 2730; x_wconf 93' lang='lat' dir='ltr'>ut</span> <span class='ocrx_word' id='word_1_192' title='bbox 284 2688 356 2749; x_wconf 91' lang='lat' dir='ltr'>opes</span> <span class='ocrx_word' id='word_1_193' title='bbox 377 2670 487 2731; x_wconf 87' lang='lat' dir='ltr'>fractae</span> <span class='ocrx_word' id='word_1_194' title='bbox 507 2669 669 2738; x_wconf 85' lang='lat' dir='ltr'>Teucrum,</span> <span class='ocrx_word' id='word_1_195' title='bbox 690 2677 718 2731; x_wconf 90' lang='lat' dir='ltr'>et</span> <span class='ocrx_word' id='word_1_196' title='bbox 737 2670 869 2730; x_wconf 83' lang='lat' dir='ltr'>Fortuna</span> <span class='ocrx_word' id='word_1_197' title='bbox 887 2673 1036 2739; x_wconf 75' lang='lat' dir='ltr'>recessit..</span> 
     </span>
    </p>

    <p class='ocr_par' dir='ltr' id='par_1_12' title="bbox 148 2753 908 2832">
     <span class='ocr_line' id='line_1_30' title="bbox 148 2753 908 2832; baseline 0 -18"><span class='ocrx_word' id='word_1_198' title='bbox 148 2771 196 2815; x_wconf 92' lang='lat' dir='ltr'>res</span> <span class='ocrx_word' id='word_1_199' title='bbox 217 2753 462 2832; x_wconf 81' lang='lat' dir='ltr'>Agamemnonias</span> <span class='ocrx_word' id='word_1_200' title='bbox 482 2754 669 2832; x_wconf 83' lang='lat' dir='ltr'>victriciaque</span> <span class='ocrx_word' id='word_1_201' title='bbox 691 2771 772 2815; x_wconf 87' lang='lat' dir='ltr'>arma</span> <span class='ocrx_word' id='word_1_202' title='bbox 791 2759 908 2815; x_wconf 87' lang='lat' dir='ltr'>secutus</span> 
     </span>
    </p>

    <p class='ocr_par' dir='ltr' id='par_1_13' title="bbox 146 2835 1168 3002">
     <span class='ocr_line' id='line_1_31' title="bbox 147 2835 1168 2915; baseline 0.005 -18"><span class='ocrx_word' id='word_1_203' title='bbox 147 2838 190 2897; x_wconf 88' lang='lat' dir='ltr'>ias</span> <span class='ocrx_word' id='word_1_204' title='bbox 212 2855 299 2898; x_wconf 91' lang='lat' dir='ltr'>omne</span> <span class='ocrx_word' id='word_1_205' title='bbox 309 2837 477 2914; x_wconf 87' lang='lat' dir='ltr'>abrumpit:</span> <span class='ocrx_word' id='word_1_206' title='bbox 496 2835 674 2915; x_wconf 83' lang='lat' dir='ltr'>Polydorum</span> <span class='ocrx_word' id='word_1_207' title='bbox 694 2837 864 2908; x_wconf 88' lang='lat' dir='ltr'>obtruncat,</span> <span class='ocrx_word' id='word_1_208' title='bbox 888 2846 917 2899; x_wconf 88' lang='lat' dir='ltr'>et</span> <span class='ocrx_word' id='word_1_209' title='bbox 938 2855 1011 2899; x_wconf 91' lang='lat' dir='ltr'>auro</span> <span class='ocrx_word' id='word_1_210' title='bbox 1132 2850 1168 2902; x_wconf 72' lang='lat' dir='ltr'>sd</span> 
     </span>
     <span class='ocr_line' id='line_1_32' title="bbox 146 2915 927 3002; baseline 0.001 -20"><span class='ocrx_word' id='word_1_211' title='bbox 146 2922 174 2982; x_wconf 82' lang='lat' dir='ltr'>vi</span> <span class='ocrx_word' id='word_1_212' title='bbox 195 2922 316 2999; x_wconf 89' lang='lat' dir='ltr'>potitur.</span> <span class='ocrx_word' id='word_1_213' title='bbox 362 2922 430 3002; x_wconf 93' lang='lat' dir='ltr'>quid</span> <span class='ocrx_word' id='word_1_214' title='bbox 452 2939 512 2982; x_wconf 89' lang='lat' dir='ltr'>non</span> <span class='ocrx_word' id='word_1_215' title='bbox 533 2915 673 2982; x_wconf 82' lang='lat' dir='ltr'>mortalia</span> <span class='ocrx_word' id='word_1_216' title='bbox 688 2928 809 3000; x_wconf 90' lang='lat' dir='ltr'>pectora</span> <span class='ocrx_word' id='word_1_217' title='bbox 831 2924 927 3001; x_wconf 84' lang='lat' dir='ltr'>cogis,</span> 
     </span>
    </p>

    <p class='ocr_par' dir='ltr' id='par_1_14' title="bbox 147 3005 969 3086">
     <span class='ocr_line' id='line_1_33' title="bbox 147 3005 969 3086; baseline 0 -21"><span class='ocrx_word' id='word_1_218' title='bbox 147 3007 211 3066; x_wconf 88' lang='lat' dir='ltr'>auri</span> <span class='ocrx_word' id='word_1_219' title='bbox 232 3023 315 3066; x_wconf 89' lang='lat' dir='ltr'>sacra</span> <span class='ocrx_word' id='word_1_220' title='bbox 338 3005 443 3067; x_wconf 78' lang='lat' dir='ltr'>sames!</span> <span class='ocrx_word' id='word_1_221' title='bbox 462 3012 618 3085; x_wconf 89' lang='lat' dir='ltr'>postquam</span> <span class='ocrx_word' id='word_1_222' title='bbox 639 3023 729 3083; x_wconf 85' lang='lat' dir='ltr'>pavor</span> <span class='ocrx_word' id='word_1_223' title='bbox 751 3024 816 3067; x_wconf 85' lang='lat' dir='ltr'>essa</span> <span class='ocrx_word' id='word_1_224' title='bbox 837 3006 969 3086; x_wconf 89' lang='lat' dir='ltr'>reliquit,</span> 
     </span>
    </p>

    <p class='ocr_par' dir='ltr' id='par_1_15' title="bbox 148 3088 1007 3170">
     <span class='ocr_line' id='line_1_34' title="bbox 148 3088 1007 3170; baseline -0.001 -21"><span class='ocrx_word' id='word_1_225' title='bbox 148 3088 276 3150; x_wconf 86' lang='lat' dir='ltr'>delectos</span> <span class='ocrx_word' id='word_1_226' title='bbox 296 3089 397 3167; x_wconf 87' lang='lat' dir='ltr'>populi</span> <span class='ocrx_word' id='word_1_227' title='bbox 419 3090 455 3151; x_wconf 92' lang='lat' dir='ltr'>ad</span> <span class='ocrx_word' id='word_1_228' title='bbox 473 3092 821 3170; x_wconf 87' lang='lat' dir='ltr'>proceresprimumque</span> <span class='ocrx_word' id='word_1_229' title='bbox 842 3097 1007 3168; x_wconf 87' lang='lat' dir='ltr'>parentem·</span> 
     </span>
    </p>

    <p class='ocr_par' dir='ltr' id='par_1_16' title="bbox 147 3174 1011 3252">
     <span class='ocr_line' id='line_1_35' title="bbox 147 3174 1011 3252; baseline 0 -21"><span class='ocrx_word' id='word_1_230' title='bbox 147 3180 277 3232; x_wconf 89' lang='lat' dir='ltr'>monstra</span> <span class='ocrx_word' id='word_1_231' title='bbox 300 3174 387 3234; x_wconf 91' lang='lat' dir='ltr'>deum</span> <span class='ocrx_word' id='word_1_232' title='bbox 407 3175 520 3245; x_wconf 81' lang='lat' dir='ltr'>refero,</span> <span class='ocrx_word' id='word_1_233' title='bbox 545 3182 573 3235; x_wconf 90' lang='lat' dir='ltr'>et</span> <span class='ocrx_word' id='word_1_234' title='bbox 594 3193 669 3252; x_wconf 90' lang='lat' dir='ltr'>quae</span> <span class='ocrx_word' id='word_1_235' title='bbox 690 3176 727 3235; x_wconf 92' lang='lat' dir='ltr'>sit</span> <span class='ocrx_word' id='word_1_236' title='bbox 748 3175 890 3234; x_wconf 89' lang='lat' dir='ltr'>sententia</span> <span class='ocrx_word' id='word_1_237' title='bbox 911 3190 1011 3250; x_wconf 90' lang='lat' dir='ltr'>posco.</span> 
     </span>
    </p>

    <p class='ocr_par' dir='ltr' id='par_1_17' title="bbox 148 3255 1168 3419">
     <span class='ocr_line' id='line_1_36' title="bbox 148 3255 1168 3327; baseline 0.003 -12"><span class='ocrx_word' id='word_1_238' title='bbox 148 3255 283 3316; x_wconf 91' lang='lat' dir='ltr'>omnibus</span> <span class='ocrx_word' id='word_1_239' title='bbox 305 3256 382 3317; x_wconf 88' lang='lat' dir='ltr'>idem</span> <span class='ocrx_word' id='word_1_240' title='bbox 405 3261 532 3327; x_wconf 91' lang='lat' dir='ltr'>animus,</span> <span class='ocrx_word' id='word_1_241' title='bbox 559 3256 702 3318; x_wconf 79' lang='lat' dir='ltr'>scelerata</span> <span class='ocrx_word' id='word_1_242' title='bbox 724 3256 867 3318; x_wconf 85' lang='lat' dir='ltr'>excedere</span> <span class='ocrx_word' id='word_1_243' title='bbox 888 3263 982 3325; x_wconf 86' lang='lat' dir='ltr'>terra,</span> <span class='ocrx_word' id='word_1_244' title='bbox 1131 3264 1168 3318; x_wconf 75' lang='lat'>6⁰</span> 
     </span>
     <span class='ocr_line' id='line_1_37' title="bbox 149 3338 1034 3419; baseline 0.001 -22"><span class='ocrx_word' id='word_1_245' title='bbox 149 3338 240 3419; x_wconf 91' lang='lat' dir='ltr'>linqui</span> <span class='ocrx_word' id='word_1_246' title='bbox 262 3339 405 3417; x_wconf 87' lang='lat' dir='ltr'>pollutum</span> <span class='ocrx_word' id='word_1_247' title='bbox 426 3342 584 3419; x_wconf 89' lang='lat' dir='ltr'>hospitium</span> <span class='ocrx_word' id='word_1_248' title='bbox 607 3347 635 3401; x_wconf 89' lang='lat' dir='ltr'>et</span> <span class='ocrx_word' id='word_1_249' title='bbox 657 3340 728 3401; x_wconf 89' lang='lat' dir='ltr'>dare</span> <span class='ocrx_word' id='word_1_250' title='bbox 748 3339 889 3401; x_wconf 91' lang='lat' dir='ltr'>classibus</span> <span class='ocrx_word' id='word_1_251' title='bbox 911 3346 1034 3402; x_wconf 89' lang='lat' dir='ltr'>austros.</span> 
     </span>
    </p>

    <p class='ocr_par' dir='ltr' id='par_1_18' title="bbox 151 3423 900 3504">
     <span class='ocr_line' id='line_1_38' title="bbox 151 3423 900 3504; baseline 0.003 -20"><span class='ocrx_word' id='word_1_252' title='bbox 151 3441 220 3502; x_wconf 87' lang='lat' dir='ltr'>ergo</span> <span class='ocrx_word' id='word_1_253' title='bbox 243 3424 438 3485; x_wconf 89' lang='lat' dir='ltr'>instauramus</span> <span class='ocrx_word' id='word_1_254' title='bbox 457 3424 601 3504; x_wconf 79' lang='lat' dir='ltr'>Polydoro</span> <span class='ocrx_word' id='word_1_255' title='bbox 624 3423 726 3486; x_wconf 79' lang='lat' dir='ltr'>funus:</span> <span class='ocrx_word' id='word_1_256' title='bbox 749 3432 777 3484; x_wconf 91' lang='lat' dir='ltr'>et</span> <span class='ocrx_word' id='word_1_257' title='bbox 797 3426 900 3503; x_wconf 84' lang='lat' dir='ltr'>ingens</span> 
     </span>
    </p>

    <p class='ocr_par' dir='ltr' id='par_1_19' title="bbox 150 3500 904 3587">
     <span class='ocr_line' id='line_1_39' title="bbox 150 3500 904 3587; baseline 0.003 -19"><span class='ocrx_word' id='word_1_258' title='bbox 150 3509 301 3587; x_wconf 69' lang='lat' dir='ltr'>aggeritur</span> <span class='ocrx_word' id='word_1_259' title='bbox 323 3506 436 3569; x_wconf 88' lang='lat' dir='ltr'>tumulo</span> <span class='ocrx_word' id='word_1_260' title='bbox 459 3500 559 3578; x_wconf 86' lang='lat' dir='ltr'>t&#39;ellus;</span> <span class='ocrx_word' id='word_1_261' title='bbox 582 3515 658 3569; x_wconf 90' lang='lat' dir='ltr'>stant</span> <span class='ocrx_word' id='word_1_262' title='bbox 679 3507 814 3570; x_wconf 88' lang='lat' dir='ltr'>manibus</span> <span class='ocrx_word' id='word_1_263' title='bbox 836 3526 904 3570; x_wconf 89' lang='lat' dir='ltr'>arae</span> 
     </span>
    </p>
   </div>
   <div class='ocr_carea' id='block_1_7' title="bbox 0 0 1261 4096">
    <p class='ocr_par' dir='ltr' id='par_1_20' title="bbox 0 0 1261 4096">
     <span class='ocr_line' id='line_1_40' title="bbox 0 0 1261 4096; baseline 0 0"><span class='ocrx_word' id='word_1_264' title='bbox 0 0 1261 4096; x_wconf 95' lang='lat' dir='ltr'> </span> 
     </span>
    </p>
   </div>
  </div>
 </body>
</html>
