2504 4094
120 261 180 320 334
443 267 585 315 venetur
601 266 725 317 ssnsm
744 269 796 315 mr

120 425 163 484 bis
186 424 279 500 agitur
304 424 400 489 iuriis;
424 432 544 501 totoque
566 423 695 482 ardentis
713 422 751 482 ab
774 441 829 483 ore

119 505 260 567 scintiliae
283 504 436 572 absiliunt,
457 505 550 566 oculis
570 508 657 566 micet
678 505 799 566 acribus
820 508 920 584 ignis:

120 591 247 666 mugitus
267 587 355 650 reiuti
377 608 444 650 eum
466 590 561 668 prima
583 590 612 650 in
630 589 741 667 proelis
759 597 868 651 taurus

118 673 261 733 terrificos
281 674 339 734 ciet
359 681 447 754 atque
466 675 553 734 irasci
572 674 602 733 in
621 691 731 733 cornua
753 682 891 752 temptat,

119 754 234 816 arboris
253 756 378 818 obnixus
396 764 510 826 trunco,
533 765 692 836 ventosque
712 756 831 817 lacessit
1091 771 1128 822 111

119 838 225 900 ictibus
246 847 296 900 aut
316 858 417 918 sparsa
436 841 472 901 ad
495 857 622 917 pugnam
644 839 774 919 proludit
797 841 925 905 harena.

160 924 220 984 Nec
244 925 341 983 minus
362 926 474 984 interea
493 925 633 985 maternis
651 941 752 984 sacrm
773 925 805 984 iu
825 928 921 987 armis

122 1008 231 1068 teneas
253 1009 331 1067 acuit
351 1007 472 1067 Martem
495 1017 523 1067 et
544 1025 577 1067 se
597 1009 717 1069 suscitat
735 1009 788 1078 ira,

119 1089 216 1150 obtuto
239 1091 371 1167 gaudeus
393 1092 529 1168 componi
549 1091 669 1152 foedere
691 1090 812 1152 bellurn.

121 1180 182 1233 tum
199 1175 296 1234 socios
317 1176 477 1254 maestique
498 1183 608 1235 metum
630 1174 740 1235 solatur
761 1174 827 1244 Iuli,
1092 1185 1132 1237 tit

120 1256 177 1317 tata
200 1258 319 1326 docens,
341 1259 463 1336 regique
484 1257 565 1319 iubet
586 1276 727 1336 responsa
749 1259 854 1318 Latino
1017 1327 1021 1334 ,

120 1352 200 1402 certa
222 1341 335 1403 referre
359 1342 436 1403 viros
458 1351 487 1403 et
507 1343 588 1419 pacis
609 1342 707 1403 dicere
728 1340 818 1419 leges.
901 1338 908 1353 ’

161 1424 280 1484 Postera
300 1425 346 1484 rix
366 1442 496 1485 summos
518 1424 676 1503 spargebat
694 1424 804 1485 lumine
823 1428 935 1485 montis

120 1513 182 1566 orte
204 1506 275 1576 dies,
298 1525 365 1567 cum
386 1510 513 1586 primum
536 1508 593 1568 aito
612 1526 643 1569 se
664 1510 779 1587 gurgite
800 1506 909 1568 tollunt

120 1587 187 1649 solis
206 1590 273 1664 equi
293 1587 448 1668 lucemque
470 1591 551 1651 elatis
573 1591 693 1652 naribus
710 1590 824 1651 efflant:
1088 1603 1131 1655 lto

120 1689 255 1750 campum
279 1671 316 1731 ad
337 1679 485 1733 certamen
505 1690 628 1751 magnae
647 1675 701 1737 sub
723 1674 880 1736 moenibus
901 1675 990 1736 urbis

120 1753 244 1815 dimensi
260 1753 418 1833 Rutulique
437 1756 491 1815 riri
508 1756 675 1834 Teucrique
693 1757 837 1837 parabant

120 1839 150 1897 in
171 1837 327 1916 medioque
348 1838 429 1898 socos
449 1847 478 1899 et
500 1840 544 1899 dis
562 1841 768 1902 communibus
785 1858 851 1901 ares

120 1922 293 1998 gramineas.
328 1920 376 1982 alii
395 1921 740 2003 fontemque'iqnemque
760 1923 903 1993 terebant,

121 2003 204 2065 relati
226 2004 295 2065 limo
318 2012 347 2066 et
369 2005 495 2067 verbena
517 2014 649 2084 tempora
671 2010 766 2069 vincti.

120 2088 253 2167 procedit
271 2088 347 2166 legio
366 2091 555 2159 Ausonidum,
577 2089 724 2169 pilataque
742 2090 836 2169 plenis

120 2173 236 2251 agmina
257 2190 289 2234 se
311 2173 436 2234 fundunt
454 2176 556 2253 portis.
591 2174 660 2234 hino
681 2174 787 2234 Troius
809 2174 905 2232 omnis

121 2254 351 2334 Tyrrhenusque
369 2257 429 2318 ruit
447 2259 535 2318 variis
552 2259 697 2318 exercitus
717 2257 815 2325 armis,

121 2338 191 2399 baut
213 2355 297 2399 secus
317 2339 450 2400 instructi
475 2341 563 2409 ferro,
587 2358 673 2419 quani
696 2342 721 2399 si
738 2356 842 2418 aspera
860 2337 963 2400 biantis

120 2438 219 2499 pugna
240 2430 343 2491 vocet;
366 2440 501 2484 necnon
522 2422 675 2484 mediisin
696 2422 814 2483 milibus
834 2422 887 2498 ipsi

121 2504 259 2565 ductores
278 2523 351 2566 auro
372 2505 492 2567 volitant
513 2514 651 2584 ostroque
674 2504 803 2584 superbi,

122 2593 150 2648 et
172 2603 264 2665 genus
284 2589 417 2650 Assaraci
435 2588 602 2650 Mnestheus
624 2597 652 2649 et
674 2589 757 2649 tortis
777 2587 869 2651 Asilos

123 2677 150 2730 et
172 2669 322 2748 Messapus
343 2689 450 2750 equom
472 2673 607 2740 domitor,
626 2672 771 2768 Neptunia
794 2670 901 2750 proles

122 2761 211 2830 utque
233 2754 299 2814 dato
324 2756 406 2831 signo
425 2757 516 2831 spatia
538 2755 569 2814 in
591 2771 643 2814 sua
665 2756 786 2833 quisque
808 2755 938 2823 recessit,

122 2837 250 2916 defigunt
270 2835 375 2898 tellure
398 2837 494 2898 hastas
515 2846 544 2898 et
566 2844 648 2898 scuta
666 2837 818 2899 reclinant.

121 2929 183 2981 tum
202 2918 297 2981 studio
320 2920 427 2982 effusae
449 2929 558 2983 matres
575 2930 604 2981 et
624 2918 751 2998 volgus
744 2938 889 2982 inermum

121 3001 295 3081 invalidique
318 3021 402 3066 senes
424 3006 514 3067 turris
536 3024 570 3066 ac
591 3013 667 3067 tecte
689 3005 844 3067 domorum

121 3086 273 3156 obsedere,
297 3087 344 3150 elii
362 3091 455 3168 portis
476 3088 650 3151 sublimibus
672 3089 795 3151 adstant.

162 3172 198 3230 At
219 3170 290 3232 lune
310 3191 326 3233 e
345 3191 470 3244 summo,
494 3175 544 3252 qui
563 3190 642 3235 nuno
663 3170 792 3233 urbanus
812 3170 937 3232 hahetur

122 3256 193 3334 (tum
214 3270 309 3333 neque
330 3275 438 3320 nomeu
460 3265 523 3318 erat
543 3273 599 3316 uec
619 3255 712 3314 bones
733 3262 782 3314 eut
804 3253 1132 3332 monumemtum

121 3338 303 3416 prospiciens
326 3339 436 3401 tumulo
460 3355 595 3436 campum
614 3335 782 3414 aspectabat
802 3344 832 3397 et
854 3333 954 3396 ambas

122 3420 301 3483 Laurentum
321 3422 489 3519 Troumque
510 3423 587 3482 ecies
607 3419 771 3497 urbemque
794 3419 895 3480 Latini.

123 3503 267 3584 extemplo
286 3506 422 3567 Turni
399 3524 441 3566 sic
463 3512 506 3566 est
524 3504 618 3565 adiuta
637 3516 768 3562 sororem
