2512 4096
218 267 279 330 258
539 277 677 324 sennim
700 276 826 324 anunm
848 276 911 322 vin

219 431 279 491 vela
303 433 373 491 dare
396 442 424 491 ct
446 431 525 493 laxos
548 434 604 492 iam
629 432 746 512 iamque
767 433 914 492 inmittere
936 430 1022 489 lunis.

219 513 296 574 illam
318 515 395 574 inter
415 515 519 576 caedes
542 515 699 592 pallentem
721 523 815 575 morte
839 514 936 573 lutura

220 597 328 658 lecerat
347 600 512 676 ignipotens
534 599 620 658 undis
640 606 669 658 et
690 599 797 678 Iapyge
820 597 900 668 ierri,

219 690 321 743 contra
342 690 437 741 autem
458 699 564 759 magno
583 689 763 742 maerentem
782 699 907 759 corpore
927 681 1021 741 Nilum

218 766 453 845 pandentemque
475 767 555 824 sinus
579 773 608 825 et
628 772 687 824 tota
708 773 786 824 veste
809 773 960 825 vocantem

220 849 387 908 caeruleum
409 849 439 908 in
460 850 603 925 gremium
625 847 831 926 latebrosaque
852 847 971 908 llumina
994 851 1098 909 victos.

219 941 247 992 at
270 931 384 1000 Caesar,
407 932 513 1008 triplici
536 933 665 991 invectus
686 931 816 990 Romana
837 931 986 1010 triumpho

219 1016 343 1086 moenia,
367 1016 411 1074 dis
432 1015 510 1074 ltalis
532 1023 631 1074 votum
652 1013 807 1074 inmortale
827 1015 968 1083 sacrabat,

220 1116 354 1159 maxuma
374 1105 539 1159 tercentum
556 1104 647 1156 totam
666 1097 788 1157 delubra
810 1116 864 1176 pcr
885 1098 999 1158 urbem.

221 1183 326 1242 laetitia
347 1181 480 1259 ludisque
499 1183 562 1242 viae
583 1180 747 1258 plausuque
766 1181 945 1250 homobono

221 1265 355 1325 omnibus
375 1266 405 1324 in
424 1263 540 1343 templis
561 1271 688 1324 matrum
708 1265 826 1334 chorus,
849 1265 985 1325 omnibus
1009 1285 1096 1334 arae3

220 1356 287 1407 ante
307 1367 373 1407 aras
394 1357 503 1408 terram
525 1349 600 1408 caesi
621 1355 752 1409 stravere
772 1351 895 1410 iuvenci.

220 1433 289 1508 ipse,
312 1431 417 1491 sedens
433 1434 517 1491 niveo
542 1432 693 1492 candentis
713 1431 813 1493 limine
831 1432 951 1503 Phoebi,

222 1515 296 1574 dona
319 1517 503 1592 recognoscit
523 1515 701 1593 populorum
724 1524 859 1595 aptatque
880 1516 1013 1594 superbis

221 1597 366 1676 postibus;
389 1599 526 1658 incedunt
544 1600 635 1659 victae
658 1598 746 1679 longo
768 1601 870 1661 ordine
893 1606 1002 1677 gentes,

223 1699 308 1759 quam
331 1682 427 1741 variae
448 1681 563 1759 linguis,
586 1682 688 1743 habitu
710 1691 768 1744 tam
788 1684 875 1744 vestis
898 1690 926 1742 et
947 1685 1045 1744 armis.

223 1764 269 1825 hic
290 1764 453 1825 Nomadum
473 1781 566 1841 genus
588 1773 616 1825 et
638 1767 795 1826 discinctos
817 1765 958 1827 Mulciber
981 1767 1078 1834 Afros,

223 1849 269 1908 hic
291 1846 411 1924 Lelegas
433 1849 580 1928 Carasque
601 1850 836 1928 sagittiferosque
858 1849 984 1911 Gelonos

223 1930 358 2000 finxeram
382 1931 547 2010 Euphrates
568 1933 629 1992 ibat
648 1935 705 1993 iam
727 1931 843 1993 mollior
861 1933 955 2003 undis,

223 2017 405 2094 extremique
427 2016 579 2076 hominum
600 2017 707 2077 Morini
727 2016 908 2094 Rhenusque
928 2016 1062 2078 bicornis

221 2098 411 2177 indomitique
433 2099 531 2162 Dahae
554 2106 583 2161 et
604 2107 724 2178 pontem
746 2101 912 2178 indignatus
931 2101 1050 2161 Araxes.

222 2182 288 2242 talia
310 2200 363 2260 per
382 2183 507 2260 clipeum
528 2183 657 2253 Volcani,
681 2183 757 2243 dona
779 2185 916 2262 parentis,

222 2267 344 2326 miratur
366 2276 525 2345 rerumque
547 2269 667 2345 ignarus
689 2268 814 2346 imagine
835 2268 951 2343 gaudet,

221 2348 355 2410 attollens
376 2368 480 2413 umero
501 2352 667 2430 laenamque
689 2359 718 2410 et
739 2352 796 2410 lata
818 2361 965 2428 nepotum.
