2512 4096
472 257 756 306 renumerandis
778 260 789 304 l

127 429 182 489 per
202 424 328 482 terram,
351 419 380 474 et
397 431 479 475 versa
503 412 597 490 pulvis
616 411 786 473 inscribitur
807 413 899 473 hasta.

127 502 173 556 ter
194 496 307 564 mcum
327 493 431 557 lliacos
450 503 615 574 raptaverat
635 494 762 556 Hectora
783 513 885 556 mauros

127 579 353 657 exanimumque
374 597 446 641 auro
467 597 575 657 corpus
592 577 735 640 vendebat
755 578 889 640 Achilles.

128 668 190 723 tum
206 678 277 722 vero
299 663 448 740 ingentem
465 665 607 741 gemitum
628 663 677 723 dat
698 669 818 740 pectore
840 662 876 723 ab
899 665 971 732 imo,

127 752 159 807 ut
176 742 285 822 spolia,
306 753 338 806 ut
360 764 479 816 currus,
507 753 597 823 utque
617 748 713 823 ipsum
733 763 841 823 corpus
863 748 948 808 amici

127 827 353 908 tendentemque
375 847 479 891 manus
499 829 648 891 Priamum
670 832 821 907 conspexit
837 830 966 891 inermis.

126 928 159 973 ee
180 929 299 990 quoque
320 911 502 990 principibus
522 914 700 991 permixtum
720 914 857 989 adgnovit
877 915 1006 984 Achivis,

126 1012 254 1074 eoasque
276 997 353 1056 acics
373 1002 402 1056 et
422 997 499 1074 nigri
520 996 683 1058 Memnonis
705 1015 795 1057 arma.

131 1077 212 1140 ducit
232 1080 443 1140 Amazonidum
463 1079 569 1140 lunatis
590 1080 706 1158 agmina
727 1080 812 1158 peltis

126 1159 312 1224 Penthesilea
335 1162 438 1224 lunens
459 1162 622 1241 mediisque
644 1163 674 1223 in
695 1162 813 1224 mdibus
835 1163 934 1233 ardet,

125 1244 218 1307 aurea
237 1244 414 1306 subnectens
436 1253 553 1307 exertae
575 1245 690 1324 cingula
711 1264 869 1315 mammae,

126 1326 277 1399 bellatrix,
300 1328 446 1406 audetque
465 1330 535 1390 viris
556 1346 735 1390 concurrere
753 1332 844 1409 virgo.

167 1410 247 1472 ilaec
270 1413 339 1474 dum
362 1411 508 1473 Dardanio
528 1415 645 1474 Aeneae
666 1414 808 1474 miranda
820 1413 968 1483 videntur,

126 1494 197 1556 dum
217 1501 315 1574 stupet
334 1501 496 1576 optutuque
514 1496 617 1557 haeret
634 1496 746 1557 defixus
766 1499 796 1557 in
817 1515 892 1566 uno,

125 1578 227 1657 regina
250 1581 286 1640 ad
310 1578 466 1657 templum,
487 1580 581 1639 iorma
607 1578 807 1657 pulcherrima
830 1581 917 1651 Dido,

125 1663 243 1723 incessit
264 1679 370 1738 magna
390 1665 529 1725 iuvenum
549 1664 673 1742 stipante
695 1669 819 1725 caterva.

78 1750 93 1776 ·“
125 1742 218 1824 qualis
235 1748 265 1805 iu
286 1746 413 1807 Eurotae
433 1748 505 1825 ripis
524 1754 574 1807 aut
592 1765 646 1825 per
663 1748 730 1825 iuga
750 1747 853 1827 Cynthi

125 1837 245 1891 exercet
262 1828 352 1891 Diana
374 1830 496 1901 choros,
520 1847 608 1909 quam
625 1829 705 1893 mille
726 1843 845 1893 secutae

124 1909 194 1972 hinc
215 1920 302 1990 atque
323 1913 392 1973 hinc
411 1913 613 1991 glomerantur
635 1915 773 1980 oreades:
797 1915 844 1975 illa
865 1915 1033 1993 pharetram

125 1993 183 2055 lert
203 2013 325 2065 umero,
348 1998 543 2077 gradiensque
562 1998 631 2058 deas
651 2000 851 2075 supereminet
872 2001 965 2057 omnis

125 2076 263 2154 (latonae
281 2082 400 2140 tacitum
416 2088 614 2158 pertemptant
634 2082 740 2158 gaudia
761 2085 890 2159 pectus):

125 2158 191 2222 ulie
213 2170 277 2222 erat
296 2163 392 2233 Dido,··]
408 2161 495 2223 talem
517 2181 549 2224 sc
567 2164 642 2223 laeta
664 2162 778 2224 terebat

123 2260 178 2323 per
199 2246 325 2314 medios,
346 2240 456 2305 instans
477 2247 559 2325 operi
577 2248 735 2324 regnisque
756 2246 870 2306 tuturis.

123 2333 187 2388 tum
210 2327 323 2389 loribus
342 2328 438 2397 divae,
460 2330 556 2390 media
579 2348 595 2389 e
614 2329 759 2390 testudine
780 2328 897 2407 templi,

123 2420 223 2490 saepta
246 2413 334 2472 armis
356 2412 487 2491 solioque
509 2412 566 2475 alte
583 2412 707 2473 subnixa
727 2414 845 2474 resedit.

122 2495 189 2555 iura
208 2493 296 2555 dabat
315 2495 453 2575 legesque
475 2498 560 2568 viris,
583 2515 764 2576 operumque
784 2496 915 2558 laborem

122 2576 256 2655 partibus
278 2579 423 2658 aequabat
440 2582 521 2642 iustis
543 2590 593 2641 aut
613 2580 862 2643 sortetrahebat:

123 2679 192 2723 cum
213 2661 309 2724 subito
327 2665 439 2724 Aeneas
460 2683 606 2726 concursu
628 2665 768 2726 accedere
788 2683 894 2742 magno

122 2745 238 2807 Anthea
257 2747 485 2826 Sergestumque
503 2749 579 2809 videt
598 2752 762 2827 sortemque
784 2748 956 2812 Cloanthum

122 2827 366 2908 Teucrorumque
384 2830 471 2900 alios,
494 2842 556 2892 ater
579 2850 652 2909 quos
669 2851 797 2912 aequore
818 2833 906 2894 turbo

122 2911 283 2991 dispulerat
303 2916 476 2991 penitusque
496 2915 566 2974 alias
587 2922 723 2975 avexerat
744 2935 819 2975 cras.

123 2996 263 3073 opstipuit
283 2997 368 3058 simul
391 2999 467 3073 ipse,
486 2995 572 3057 simul
593 3015 751 3075 percussus
772 2999 897 3058 Achates

121 3076 288 3157 laetitiaque
308 3088 463 3157 metuque:
485 3080 559 3139 avidi
581 3081 760 3155 coniungere
780 3082 897 3141 dextras

121 3159 281 3231 ardebant,
299 3163 351 3222 sed
372 3181 421 3222 res
442 3165 553 3223 animos
574 3164 722 3241 incognita
744 3162 852 3223 turbat.

121 3243 305 3306 dissimulant
324 3255 352 3306 et
370 3246 451 3307 nube
469 3266 537 3307 cava
560 3245 748 3325 speculantur
768 3247 878 3313 amicti.

121 3345 198 3407 quae
219 3327 335 3388 fortuna
357 3329 442 3399 viris,
465 3330 585 3391 classem
607 3348 665 3409 quo
685 3329 770 3391 litore
793 3330 938 3409 linquant,

120 3409 194 3491 quid
217 3413 347 3471 veniant:
368 3415 481 3473 cunctis
498 3432 567 3474 narn
586 3414 654 3474 lecti
674 3413 797 3474 navibus
816 3414 897 3475 ibant

120 3503 241 3556 orantes
259 3495 389 3563 veniam,
408 3503 437 3554 et
457 3495 598 3574 templum
614 3496 741 3558 clamore
762 3498 910 3574 petebant

882 3600 926 3656 7*
