2512 4096
132 259 172 323 80
408 266 551 313 venerer
575 263 777 313 cnouercou
796 262 850 310 1111

123 422 273 503 spectabat
295 421 410 481 diversa
431 417 517 488 locis,
540 419 715 498 Phasimque
738 419 905 498 Lycumque

123 516 152 568 ct
173 514 274 583 caput,
297 504 375 566 unde
397 501 472 564 altus
494 504 622 582 primum
644 522 675 564 se
698 503 824 579 erumpit
845 499 977 576 Enipeus

122 607 302 668 saxosusque
324 605 431 648 sonans
453 586 580 666 Hypanis
601 589 757 666 Mysusque
779 585 890 652 Caicus,

122 672 200 733 unde
222 679 305 751 pater
327 671 496 739 Tiberinus,
520 679 549 731 et
568 671 648 731 unde
669 671 779 730 Aniena
800 667 908 728 fluenta

123 763 152 816 et
173 758 288 834 gemina
310 763 430 816 auratus
452 755 568 814 taurino
591 772 700 815 cornua
722 752 802 812 voltu

122 838 284 910 Eridanus,
307 857 365 918 quc
388 857 447 898 nen
469 838 543 898 alius
564 854 619 914 per
640 838 758 916 pinguia
781 834 857 896 culta

122 923 152 982 in
174 941 256 983 marc
277 940 461 1001 purpureum
483 919 636 981 violentior
659 920 751 981 eiiluit
773 920 874 979 amnis.

121 1013 277 1085 postquam
300 1007 395 1066 estin
416 1004 535 1065 thalami
556 1005 710 1083 pendentia
734 1003 849 1081 pumice
870 1008 947 1062 tecta

122 1096 295 1167 perventum
319 1097 347 1149 et
368 1090 428 1149 nati
448 1088 534 1148 ssetus
556 1089 691 1166 cognovit
712 1088 805 1148 inanis

114 1172 250 1251 Cyrene,
273 1171 409 1234 manibus
429 1171 554 1250 dquidcs
576 1173 645 1232 dant
667 1172 769 1232 ordine
791 1171 877 1230 fontis

122 1272 295 1332 germanae,
315 1255 467 1334 'tonsisque
490 1256 588 1316 icrunt
608 1254 745 1315 mantelia
767 1253 856 1322 villis;

122 1357 190 1417 pars
212 1340 304 1419 epulis
327 1348 450 1400 onerant
471 1357 587 1399 mensas
609 1347 638 1399 et
659 1338 745 1416 plena
766 1344 913 1415 reponunt

121 1421 242 1499 pocula;
285 1423 444 1483 Panchaeis
466 1422 635 1484 adolescunt
656 1416 773 1498 ignitius
795 1439 877 1489 arae;

122 1511 152 1565 et
172 1512 266 1567 mater
289 1515 377 1583 ‘cape
398 1506 522 1567 Maeonii
544 1506 693 1567 carchesia
715 1504 837 1566 Bacchi:

123 1585 240 1648 Oceano
261 1587 402 1649 libemus'
424 1590 472 1650 ait.
517 1590 602 1651 simul
624 1591 686 1667 ipsa
707 1597 845 1667 precatur

123 1669 331 1749 Oceanumque
353 1679 466 1749 patrem
487 1691 588 1734 rerum
610 1673 810 1753 nymphasque
833 1688 968 1740 sorores,

123 1763 240 1816 centum
263 1773 338 1834 quae
359 1754 458 1826 siivas,
482 1764 599 1818 centum
621 1775 695 1835 quae
716 1756 836 1817 ssumina
859 1763 984 1815 servant.

122 1846 170 1899 ter.
189 1838 299 1919 liquido
321 1839 473 1900 ardentem
494 1840 644 1919 perfundit
664 1847 783 1901 nectare
805 1839 936 1908 Vestam,

122 1930 167 1984 ter
189 1922 306 1984 flamma
328 1923 365 1984 ad
387 1941 534 1984 summum
555 1926 625 1986 tecti
646 1924 776 1984 subiecta
798 1921 913 1983 reluxit.

122 2007 219 2068 umine
241 2025 299 2086 quc
321 2008 442 2068 firmans
464 2009 592 2070 animum
614 2009 656 2069 sic
677 2009 778 2086 incipit
799 2009 879 2086 ipsa:

164 2098 223 2151 ‘cst
243 2093 273 2151 iu
297 2091 451 2171 Carphatio
473 2091 599 2171 Neptuni
620 2093 736 2169 gurgite
757 2097 837 2151 vates

122 2173 275 2234 caeruleus
296 2176 435 2246 Proteus,
458 2195 597 2254 magnum
619 2177 668 2253 qui
690 2173 819 2252 piscibus
841 2191 951 2251 aequor
997 2240 1000 2244 A

121 2263 151 2316 et
171 2256 270 2316 iuncto
292 2256 431 2335 hipeddm
454 2279 543 2321 curru
565 2261 684 2320 metitur
707 2276 859 2338 equorum.

120 2339 169 2398 hic
190 2357 270 2400 nuuc
291 2340 441 2403 Emathiae
463 2352 565 2422 portus
587 2345 769 2421 patriamque
791 2341 889 2403 revisit
1085 2354 1137 2408 390

120 2420 274 2490 Pallenen;
319 2424 399 2485 hunc
421 2432 450 2485 et
470 2426 616 2504 nymphae
639 2442 813 2486 veneramur
836 2427 947 2503 etipse

121 2505 303 2581 grandaevos
324 2506 451 2575 Nereus3
496 2510 576 2567 novit
596 2525 723 2586 namque
745 2510 841 2569 omnia
863 2518 954 2582 vates,

121 2607 196 2667 quae
218 2590 289 2659 sint,
313 2608 387 2666 quae
409 2589 532 2660 fuerint,
556 2608 631 2670 quae
655 2608 723 2650 mcx
745 2599 866 2653 ventura
889 2591 1057 2664 trahantur;

121 2673 229 2751 quippe
251 2674 290 2732 ita
312 2672 448 2750 Neptuno
470 2674 563 2734 visum
586 2679 642 2744 est,
665 2676 802 2735 immania
825 2677 906 2736 cuius

121 2765 252 2816 armenta
276 2765 304 2817 et
325 2759 419 2834 turpis
441 2759 532 2834 pascit
554 2757 608 2817 suh
630 2760 745 2834 gurgite
767 2758 885 2835 phocas.
1082 2773 1134 2827 395

121 2838 168 2898 hic
190 2839 257 2907 tihi,
282 2847 364 2909 nate,
387 2843 468 2919 prius
490 2840 592 2901 vinclis
614 2842 789 2920 capiundus‚
813 2850 844 2903 ut
867 2862 983 2904 omnem

121 2923 256 2998 expediat
277 2922 373 2983 mcrhi
395 2943 528 2995 causam,
553 2935 731 3005 eventusque
754 2927 902 2987 secundet.

120 3023 188 3065 nani
211 3009 273 3067 sine
295 3009 322 3066 vi
344 3025 403 3068 non
425 3007 483 3070 ulla
506 3009 585 3070 dabit
606 3018 778 3089 praecepta,
801 3030 897 3090 neque
918 3010 999 3071 iilum

120 3090 232 3148 orando
254 3091 369 3161 ssectcs;
414 3095 470 3154 idm
494 3094 597 3155 durarn
620 3103 648 3155 et
669 3094 782 3155 vincula
806 3104 889 3173 capto

119 3173 222 3242 tende:
268 3172 327 3233 dcli
349 3178 458 3236 circum
482 3179 554 3238 haec
577 3179 694 3239 demum
717 3180 892 3254 tranguntur
913 3179 1023 3241 inanes.
1079 3192 1135 3245 tud

119 3257 182 3332 ipsa
205 3273 259 3332 ege
281 3268 325 3326 te,
349 3260 460 3320 medios
484 3279 550 3319 cum
572 3261 614 3320 sci
637 3259 803 3322 accenderit
825 3269 935 3330 aestus,

120 3357 186 3399 cum
210 3342 310 3401 sitiunt
330 3342 440 3403 herbae
464 3351 492 3403 et
513 3345 613 3421 pecori
634 3345 692 3403 iam
714 3344 823 3419 gratior
846 3344 977 3406 umhrast

119 3423 149 3481 in
171 3432 285 3485 secreta
307 3427 384 3486 senis
406 3427 526 3494 ducam,
550 3445 608 3505 quc
631 3427 724 3487 tessus
746 3426 781 3487 ah
805 3428 890 3488 undis

119 3523 152 3567 sc
172 3509 291 3588 recipit,
314 3508 398 3571 facile
419 3521 453 3573 ut
473 3529 576 3572 somno
598 3511 770 3592 adgrediare
792 3512 943 3574 iacentem.
