2512 4096
199 296 240 360 36
497 304 640 352 vnuomr
664 300 866 351 ononmcou
884 302 898 348 1

199 480 383 544 quarumque
404 458 452 520 illa
472 458 565 518 levem
588 457 702 533 fugiens
722 464 803 518 secat
823 457 942 518 aethera
964 459 1081 535 pinnis,

199 566 268 609 ecce
289 547 423 607 inimicus
444 550 527 602 atrox
549 557 656 617 magno
677 540 803 600 stridore
824 558 879 619 per
899 557 990 600 auras

198 631 360 709 insequitur
381 627 484 694 Nisus;
507 644 564 704 qua
586 643 617 686 se
639 625 696 684 lert
716 624 803 685 Nisus
824 625 861 685 ad
882 641 981 689 auras,

198 713 247 774 illa
268 714 361 775 levem
383 712 496 789 fugiens
517 711 624 787 raptim
645 713 724 767 secat
745 708 864 769 aethera
885 708 993 785 pinnis.

198 804 261 858 tum
281 795 406 875 liquidas
428 794 507 854 corvi
528 809 630 870 presso
651 799 697 851 ter
719 798 837 866 gutture
858 809 945 851 voces
1165 805 1209 858 410

198 888 249 940 aut
270 887 373 958 quater
394 878 586 953 ingeminant,
610 884 639 934 et
660 891 747 952 saepe
769 873 913 935 cubilibus
935 873 1002 935 altis

198 964 297 1023 nescio
320 979 376 1040 qua
397 966 514 1037 praeter
536 958 652 1019 solitum
674 956 827 1018 dulcedine
848 957 916 1017 laeti

198 1048 274 1106 inter
296 1063 327 1105 se
349 1046 378 1103 in
401 1042 475 1102 loliis
496 1043 664 1122 strepitant:
686 1042 764 1101 iuvat
785 1040 929 1101 imbribus
951 1042 1026 1101 actis

198 1129 369 1206 progeniem
390 1125 509 1206 parvam
531 1124 681 1203 dulcisque
702 1125 831 1185 revisere
852 1123 950 1184 nidos:

197 1211 269 1272 baut
291 1211 425 1290 equidem
447 1209 550 1277 credo,
573 1210 640 1286 qoia
662 1209 699 1267 sit
720 1207 856 1268 divinitus
877 1205 934 1266 illis
1163 1220 1206 1274 tu

198 1296 347 1371 ingenium
369 1301 419 1355 aut
439 1311 541 1354 rerum
562 1293 621 1353 lato
643 1291 798 1368 prudentia
820 1291 928 1357 maior;

198 1395 301 1437 rerum
322 1377 372 1438 ubi
394 1383 551 1455 tempestas
572 1382 602 1435 et
623 1372 695 1434 cadi
715 1374 831 1434 mobilis
852 1391 938 1435 umor

198 1471 347 1521 mutavere
368 1462 445 1520 vices
467 1467 496 1520 et
517 1459 646 1536 luppiter
668 1457 772 1517 oddus
794 1458 900 1518 austris

199 1543 301 1604 denset
322 1550 405 1604 erant
427 1559 590 1621 quaeram
611 1541 715 1608 modo,
739 1547 768 1600 et
789 1559 864 1619 quae
886 1540 976 1600 densa
999 1541 1128 1613 relaxat,

200 1633 352 1687 vertuntur
373 1629 485 1705 species
507 1627 686 1692 animorum,
711 1631 739 1684 et
759 1631 879 1701 pectora
901 1630 1000 1684 motus
1162 1636 1207 1690 tro

197 1727 277 1770 nunc
298 1710 384 1779 alios,
409 1709 480 1769 alios
502 1708 572 1767 dum
593 1707 693 1767 nubila
716 1714 819 1767 ventus
840 1706 954 1783 agebat.

199 1795 380 1873 concipiunt:
403 1793 472 1852 hinc
493 1790 541 1851 ille
563 1792 658 1850 avium
681 1798 841 1851 concentus
861 1792 891 1850 in
913 1791 992 1866 agris
1144 1820 1159 1849 ο

198 1883 227 1936 et
247 1877 339 1937 laetae
360 1876 488 1954 pecudes
511 1881 539 1934 et
560 1880 678 1934 ovantes
700 1881 818 1949 gutture
841 1875 928 1932 corvi.

239 1960 271 2020 Si
292 1977 362 2020 vero
384 1957 474 2018 solem
498 1958 535 2019 ad
556 1957 691 2035 rapidum
712 1957 855 2034 lunasque
877 1963 1037 2034 sequentes

198 2044 299 2104 ordine
320 2044 468 2122 respicies,
491 2059 651 2120 numquam
673 2048 702 2101 te
723 2042 849 2100 crastiua
871 2039 949 2099 lallet
1160 2052 1205 2106 ω

198 2127 285 2195 bora,
308 2144 404 2205 neque
425 2126 534 2186 insidiis
555 2127 650 2185 noctis
672 2125 787 2202 capiere
808 2141 940 2184 serenae.

200 2207 283 2277 luna,
305 2216 485 2270 revertentes
507 2227 596 2288 quom
618 2210 745 2286 primum
769 2207 877 2284 colligit
897 2207 981 2282 ignis,

197 2292 223 2350 si
244 2292 360 2368 nigrum
382 2290 507 2353 obscuro
531 2293 748 2370 comprenderit
769 2295 837 2351 aera
860 2307 961 2358 cornu,

197 2391 351 2434 maxumus
373 2375 507 2450 agricolis
527 2375 690 2453 pelagoque
711 2374 862 2452 parabitur
884 2373 995 2433 imbert

198 2463 228 2516 at
248 2457 272 2515 si
293 2457 455 2533 virgineum
477 2457 631 2518 suliuderit
655 2475 706 2517 ore
728 2458 878 2525 ruborem,
1160 2472 1207 2527 430

196 2546 300 2599 ventus
322 2541 394 2607 erit:
416 2547 503 2598 rento
525 2556 640 2616 semper
662 2540 749 2601 rubet
771 2559 859 2601 aurea
881 2538 1011 2601 Pboebe¹

196 2624 242 2707 sin
265 2629 330 2682 ortu
354 2629 457 2700 quarto
480 2621 615 2701 (namque
636 2624 661 2682 is
683 2626 861 2685 certissimus
883 2623 996 2701 auctor)

196 2724 271 2784 pura
293 2723 389 2783 neque
411 2705 543 2766 obtunsis
564 2723 618 2782 per
640 2706 753 2767 caelum
775 2707 914 2768 cornibus
935 2705 997 2776 ibit,

196 2796 275 2848 totus
294 2794 327 2849 et
348 2789 394 2848 ille
418 2789 479 2848 dies
501 2796 530 2849 et
551 2791 601 2867 qui
622 2798 779 2851 nascentur
801 2792 837 2852 nb
864 2789 913 2851 illo

198 2880 333 2932 exactum
355 2872 392 2933 ad
413 2890 544 2933 mensem
566 2872 661 2950 pluvia
682 2876 832 2954 ventisque
855 2872 1007 2944 carebunt,
1159 2887 1206 2943 aaa

198 2961 324 3033 votaque
347 2957 454 3016 serrati
475 2955 587 3017 solvent
609 2959 638 3017 in
660 2957 745 3018 litore
766 2965 872 3018 nautae

197 3037 307 3100 Glauco
331 3046 359 3099 et
379 3040 534 3118 Panopeae
555 3049 585 3101 et
606 3041 677 3100 Inoo
699 3041 873 3102 Melicertae.

197 3122 240 3181 sol
262 3140 379 3201 quoque
402 3130 430 3184 et
452 3127 587 3186 exoriens
609 3131 726 3184 etcum
748 3143 780 3185 se
802 3125 908 3185 condet
931 3124 961 3181 in
983 3123 1091 3196 undas,

196 3206 279 3283 signa
301 3205 395 3275 dabit;
418 3207 510 3268 solem
533 3208 691 3268 certissima
713 3210 794 3284 signa
817 3214 967 3276 secuntur,

198 3296 227 3348 et
249 3307 324 3367 quae
346 3308 432 3350 mune
453 3291 545 3351 relert
567 3297 595 3350 et
617 3309 691 3369 quae
713 3292 901 3368 surgentibus
923 3289 1017 3350 neutris.
1160 3304 1209 3360 440

198 3370 244 3434 ille
266 3371 317 3432 ubi
339 3380 508 3433 nascentem
530 3373 650 3434 maculis
672 3377 826 3437 variaverit
847 3383 943 3435 ortum

200 3456 331 3516 conditus
352 3459 381 3516 in
404 3455 513 3517 nubem
535 3458 689 3536 medioque
710 3459 853 3537 refugerit
874 3458 956 3527 orbe,

197 3540 324 3617 suspecti
346 3540 399 3600 tibi
420 3541 478 3600 sint
498 3540 617 3612 imbres;
640 3561 767 3621 namque
788 3549 876 3619 urget
897 3542 933 3602 ab
957 3541 1014 3602 alto
