2512 4096
398 272 541 320 vacatur
561 271 685 321 auuma
705 272 731 318 11
1010 262 1068 323 109

56 426 234 491 circumfusa
256 427 328 496 ruit,
351 435 521 506 certantque
543 426 676 488 inludere
696 435 790 504 capto.

57 513 157 589 accipe
179 527 259 572 nunc
280 509 411 571 Danaum
428 510 560 581 insidias,
584 518 612 572 et
635 511 757 571 crimine
778 509 814 570 ab
839 527 898 572 uno
1034 519 1068 573 65

55 595 137 657 disce
158 595 263 654 omnis.

55 695 184 756 namque
205 688 237 737 ut
254 685 412 753 conspectu
434 678 464 736 in
485 678 581 738 medio
602 676 736 737 turbatus
757 678 877 738 inermis

55 763 185 823 constitit
208 769 295 838 atque
313 760 405 820 oculis
426 761 550 840 Phrygia
572 760 685 839 agmina
708 761 928 840 circumspexit:

57 845 132 906 ‘heu
153 862 229 923 quae
250 861 329 904 nuno
345 843 446 903 tellua'
466 845 574 922 inquit,
599 854 691 922 ‘quae
711 862 758 904 me
778 861 905 923 aequora
925 854 1049 922 possunt

56 928 209 1007 accipere?
231 937 281 988 aut
302 929 370 1005 quid
390 929 447 986 iam
468 929 575 988 misero
598 928 668 988 mihi
690 927 815 1006 denique
833 927 941 988 restat?
1035 937 1070 992 70

56 1013 103 1073 cui
124 1029 222 1089 neque
244 1011 321 1088 apud
341 1010 456 1071 Danaos
478 1030 602 1089 usquam
624 1012 715 1080 locus,
735 1019 765 1072 et
785 1029 875 1088 super
888 1012 943 1088 ipsi

54 1095 239 1157 Dardanidae
262 1094 366 1155 intensi
387 1112 497 1172 poenas
519 1114 586 1156 cum
607 1095 748 1172 sanguine
767 1094 915 1171 poscunt’

54 1196 115 1258 quo
135 1179 245 1256 gemitu
267 1179 400 1237 conversi
422 1181 510 1239 animi
531 1196 717 1256 compressus
739 1185 768 1237 et
789 1180 883 1237 omnis

55 1263 192 1340 impetus.
236 1261 391 1320 hortamur
412 1261 481 1331 lari,
501 1280 559 1340 quo
582 1264 722 1339 sanguiue
744 1268 840 1320 cretus

57 1346 144 1424 quive
162 1345 233 1414 fuat,
254 1360 402 1404 memores
424 1362 499 1421 quae
522 1347 559 1404 sit
577 1345 682 1405 fiducia
701 1350 795 1420 capto.
1035 1354 1068 1409 75

99 1427 225 1489 ‘Cuncta
240 1428 375 1506 equidem
389 1426 454 1496 tihi,
470 1446 537 1497 rex,
554 1429 641 1489 fuerit
656 1428 876 1505 quodcumque,
893 1427 1006 1488 fatebor
1035 1438 1067 1492 77

55 1509 140 1572 rera'
159 1512 268 1588 inquit,
290 1520 401 1588 ‘neque
419 1528 467 1571 me
488 1510 624 1588 Argohca
645 1511 787 1587 degente
806 1510 937 1587 negabo:

54 1594 114 1655 hoc
134 1596 280 1672 primum:
298 1612 367 1660 nec,
386 1594 410 1652 si
431 1594 570 1655 miserum
589 1594 706 1654 fortuna
727 1592 866 1654 Sinonem

55 1678 154 1746 hauxit,
177 1695 282 1737 vanum
310 1679 396 1737 etiam
415 1678 644 1756 mendacemque
661 1677 784 1755 inproba
808 1678 905 1755 tinget.
1035 1689 1070 1742 80

56 1761 145 1821 lando
167 1760 283 1839 aliquod
302 1763 326 1820 si
348 1761 424 1821 torte
447 1770 510 1822 tuas
532 1763 663 1839 pervenit
684 1762 720 1821 ad
745 1763 823 1822 auris

57 1843 175 1905 Belidae
197 1861 305 1904 nomen
327 1842 489 1904 Palamedis
511 1857 539 1904 et
560 1845 667 1906 incluta
687 1845 761 1904 sama

15 1966 22 1977 ·
57 1925 168 2002 gloria,
188 1944 276 2004 quem
298 1925 367 1986 ialsa
391 1928 445 1987 suh
469 1929 633 2005 proditioue
653 1928 765 2007 Pelasgi

56 2011 202 2069 insontem
223 2009 343 2070 infando
364 2011 483 2081 indicio,
506 2013 572 2089 quia
595 2011 671 2072 bella
692 2011 814 2079 uetabat,

58 2092 202 2154 demisere
224 2093 309 2162 Neci,
330 2110 409 2154 nunc
425 2112 538 2154 cassum
559 2094 668 2155 lumine
688 2094 801 2171 lugent:

56 2173 98 2235 illi
120 2193 168 2236 me
190 2177 324 2237 comitem
348 2185 376 2238 ct
399 2179 648 2254 consanguinitate
667 2179 842 2254 propincum

56 2275 170 2338 pauper
192 2260 223 2319 in
243 2277 324 2319 arma
346 2270 429 2338 pater
448 2262 551 2336 primis
573 2261 631 2322 huc
650 2261 728 2319 misit
749 2260 785 2320 ah
806 2261 898 2321 anuis.

57 2342 128 2402 dum
149 2341 244 2402 stabat
265 2361 357 2421 regnu
377 2342 529 2403 incolumis
547 2360 709 2422 regumque
730 2343 845 2422 vigebat

57 2424 202 2495 conciliis,
225 2436 253 2486 et
274 2444 328 2486 nos
350 2426 467 2505 aliquod
488 2444 655 2506 nomenque
676 2428 823 2506 decusque

56 2510 210 2585 gessimus„
252 2509 359 2570 invidia
377 2518 533 2589 postquam
554 2511 673 2589 pellacis
694 2510 770 2572 Ulixi

58 2592 139 2655 (haut
159 2593 258 2669 ignota
279 2593 394 2672 loquor)
417 2596 531 2672 superis
554 2595 698 2656 concessit
718 2599 754 2655 al)
777 2599 850 2665 oris,

56 2673 192 2735 adflictus
211 2676 299 2735 vitam
320 2677 349 2736 in
361 2678 501 2739 tenebris
520 2678 660 2758 luctuque
677 2679 830 2740 trahebam

57 2766 87 2818 et
107 2775 208 2819 casum
224 2760 348 2820 insontis
369 2779 483 2822 mecum
507 2763 680 2841 indignabar
699 2764 792 2824 amici.
829 2795 860 2825 a-

11 2889 13 2896 .
56 2858 113 2903 nec
134 2843 213 2902 tacui
235 2842 370 2914 demens,
392 2852 420 2906 et
441 2863 503 2912 me,
524 2846 585 2906 sors
607 2848 688 2924 siqua
712 2847 837 2919 tulisset,

56 2927 82 2984 si
102 2924 213 3001 patrios
234 2943 374 3004 umquam
392 2945 569 2988 remeassem
588 2930 680 2989 victor
700 2930 736 2989 ad
756 2931 859 3009 Argos,

55 3008 178 3086 promisi
200 3009 326 3069 ultorem
349 3019 377 3068 et
398 3011 495 3070 verhis
517 3011 582 3070 odia
604 3029 706 3092 aspera
724 3017 810 3074 movi.

56 3089 127 3150 hinc
149 3092 219 3151 mihi
242 3093 337 3170 prima
359 3091 427 3153 mali
448 3092 543 3163 labes,
567 3095 635 3154 hinc
654 3113 771 3174 semper
793 3098 892 3160 Ulixes

59 3173 232 3234 criminibus
252 3183 366 3235 terrere
387 3178 469 3238 noris
506 3177 576 3237 hinc
596 3195 736 3257 spargere
755 3199 843 3242 voces
914 3214 916 3219 ·

57 3258 88 3318 iu
108 3255 227 3334 volgum
250 3257 402 3335 ambiguas
422 3272 451 3321 ct
474 3279 616 3339 quaerere
638 3263 772 3324 conscius
793 3283 883 3325 arma.

56 3358 113 3401 nec
132 3340 276 3417 requievit
298 3343 389 3410 enim,
413 3344 507 3406 donec
525 3344 680 3408 Calchante
701 3348 834 3408 ministro
859 3381 893 3392 --

56 3457 259 3468 ---.-.-.--

57 3509 102 3566 ille
123 3510 190 3565 haec
205 3510 330 3582 deposita
345 3513 451 3569 tandem
471 3515 614 3573 tormidine
631 3517 717 3573 latur:
