2512 4096
360 115 503 165 venena
524 115 729 167 GEORGIOON
752 117 778 166 11

58 278 261 352 proventuque
282 280 385 334 oneret
406 273 504 335 sulcos
526 282 614 353 atque
635 277 744 336 horrea
766 274 870 334 vincat.

58 356 136 417 venit
157 356 286 435 hiemps:
308 358 412 419 teritur
434 357 571 436 Sicyonia
592 358 666 420 baca
687 356 818 434 trapetis,

59 438 164 518 glande
180 457 249 500 sues
268 439 336 502 laeti
355 441 495 520 redeunt,
519 441 591 502 dant
612 442 717 502 arbuta
739 439 843 508 silvae;

58 531 87 584 et
107 523 204 584 varios
225 525 308 600 ponit
329 523 405 585 letus
427 530 600 594 autumnus,
625 533 654 586 et
675 523 733 586 alte

58 607 136 667 mitis
156 608 187 667 in
209 607 316 684 apricis
339 608 472 686 coquitur
495 608 643 676 vindemia
661 609 748 669 saxis.

57 692 170 752 interea
192 689 294 751 dulces
314 688 445 769 pendent
465 692 576 753 circum
599 691 699 753 oscula
719 692 790 760 uati,

58 780 138 835 casta
160 773 329 850 pudicitiam
351 782 448 836 servat
468 776 587 843 domus,
611 775 704 838 ubera
726 792 831 836 vaccae

58 856 151 918 lactea
172 858 341 927 demittunt,
364 859 547 939 pinguesque
568 861 598 920 iu
620 859 754 936 gramine
777 857 851 920 laeta

58 941 135 1000 inter
157 959 189 1001 sc
210 941 340 1003 adversis
360 942 507 1004 luctantur
529 942 669 1004 cornibus
690 943 786 1003 haedi.

60 1025 124 1100 ipse
145 1024 207 1085 dies
228 1026 317 1104 agitat
338 1025 428 1087 festos
449 1025 591 1106 lususque
611 1044 666 1105 per
687 1024 821 1097 herbam,

61 1107 138 1185 iguis
157 1106 209 1167 ubi
230 1108 260 1167 in
282 1109 378 1168 medio
401 1117 430 1170 ct
452 1111 524 1171 sccii
547 1117 661 1172 cratera
684 1117 836 1179 coronant,

61 1198 90 1250 ta
111 1188 222 1259 libans,
245 1190 375 1261 Lenaee,
399 1199 495 1263 vocat,
517 1195 693 1273 pecorisque
713 1194 861 1271 magistris

62 1272 169 1337 velocis
190 1273 277 1336 iaculi
299 1277 457 1338 certamina
478 1279 560 1354 ponit
581 1278 611 1338 in
634 1276 723 1346 ulmo,

61 1375 246 1437 corporaque
267 1360 375 1437 agresti
394 1360 508 1420 nudant
527 1361 673 1438 praedura
696 1360 866 1438 palaestrae.

61 1442 137 1503 hanc
159 1443 363 1505 climacteras
384 1446 471 1504 vitam
494 1443 612 1506 coluere
633 1443 742 1514 Sabini,

61 1525 137 1588 hanc
158 1529 269 1590 Remus
291 1534 320 1589 et
341 1528 448 1598 irater,
470 1529 512 1588 sic
534 1529 618 1589 lortis
639 1528 756 1590 Etruria
778 1530 869 1590 crevit

60 1610 170 1674 scilicet
192 1622 220 1675 et
240 1630 343 1674 rerum
365 1612 440 1674 facta
462 1619 507 1673 est
527 1611 725 1690 pulcherrima
746 1612 848 1683 Roma,

60 1706 232 1777 septemque
253 1715 312 1757 una
334 1696 389 1757 sibi
410 1715 496 1759 muro
518 1696 711 1758 circumdedit
732 1715 826 1758 arces.

61 1786 128 1843 anta
151 1783 238 1843 etiam
259 1788 409 1857 sceptrum
430 1781 540 1843 Dictaei
561 1780 641 1857 regis
663 1787 691 1841 et
712 1788 781 1841 aute

62 1867 149 1943 impia
171 1882 259 1944 quam
281 1865 373 1926 caesis
396 1882 467 1942 gens
489 1871 534 1924 est
555 1862 671 1942 epulata
693 1864 833 1932 iuvencis,

61 1967 170 2013 aureus
190 1949 267 2009 hanc
289 1949 377 2008 vitam
398 1949 536 2008 interris
558 1948 703 2007 Saturnus
725 1945 848 2022 agebat3

63 2033 189 2095 necdum
211 2032 298 2092 etiam
319 2029 471 2091 audierant
492 2029 587 2089 inllari
609 2027 746 2098 classica,
767 2027 895 2090 necdum

62 2116 215 2195 impositos
236 2113 317 2174 duris
339 2114 484 2189 crepitare
504 2109 661 2173 incudibus
679 2128 777 2187 ¹enses.

63 2219 83 2259 x
106 2199 165 2262 Sed
186 2214 240 2258 nos
261 2199 438 2258 immensum
459 2195 559 2273 spatiis
581 2193 761 2256 confecimus
782 2211 902 2275 aequor,

64 2295 93 2348 et
114 2286 172 2345 iam
193 2289 310 2360 tempus
332 2297 439 2360 equom
461 2279 600 2340 fumantia
622 2277 736 2341 solvere
757 2277 878 2368 rallaX

1017 2118 1070 2174 540
