2512 4096
504 302 650 351 vultam
671 248 800 352 Adrum}
819 304 831 350 1

164 461 332 523 exciderant
352 460 464 528 animo;
495 467 598 520 manet
614 459 671 521 alta
694 467 793 521 mente
811 468 963 538 repostum

163 544 302 606 iudicium
323 543 437 606 Paridis
458 552 634 623 spretaeque
656 544 762 605 iniuria
785 545 898 606 formae

162 637 191 690 et
214 645 306 708 genus
328 629 453 695 inrisum
492 635 521 689 et
540 631 616 707 rapti
640 628 816 708 Ganymedis
835 627 990 706 honoreslz

162 713 208 773 his
229 714 351 775 accensa
374 714 606 791 superiactatos
628 730 757 792 aequore
779 719 841 773 toto

162 797 269 868 Troas,
291 794 430 875 reliquias
451 795 583 857 Danaum
607 803 696 875 atque
718 797 836 857 immitis
856 795 969 865 lehun,

162 879 283 942 arcebat
299 878 388 958 longe
410 881 507 950 latio,
534 879 701 960 multosque
723 897 779 958 per
801 899 894 942 annos

162 963 303 1026 errabant
324 966 381 1025 acti
402 964 468 1028 latis
490 967 582 1026 maria
605 968 703 1026 omnia
726 967 847 1027 circum.

126 1086 129 1090 -
162 1055 258 1110 tantae
280 1047 365 1109 molis
383 1058 447 1110 erat
467 1051 629 1112 Romanam
652 1050 780 1112 condere
802 1056 930 1128 gentem.

202 1126 255 1193 Vix
278 1151 295 1194 e
313 1143 474 1213 conspectu
495 1132 610 1195 Siculae
628 1133 742 1195 telluris
763 1136 792 1194 in
816 1133 906 1195 altum

161 1215 224 1298 vela
247 1216 356 1278 dabant
377 1217 445 1278 laeti
467 1227 495 1280 et
516 1236 636 1296 spumas
656 1217 724 1279 salis
745 1236 814 1280 aere
834 1218 973 1285 ruebant,

161 1319 229 1363 cum
251 1301 324 1362 luno
345 1308 498 1364 aeternum
516 1319 637 1362 seruans
658 1301 712 1364 sub
735 1310 857 1384 pectore
877 1301 980 1362 volnus

161 1390 235 1449 baec
256 1403 373 1447 secum:
399 1395 501 1448 ‘mene
523 1387 640 1464 incepto
663 1386 804 1448 desistere
824 1387 946 1454 rictam,

161 1486 217 1530 nec
237 1486 325 1547 posse
346 1469 426 1531 ltalia
448 1470 633 1531 Teucrorum
655 1466 788 1531 avertere
807 1470 928 1548 regem?

162 1554 271 1631 quippe
290 1562 373 1614 vetor
396 1554 471 1616 latis.
517 1553 650 1615 Pallasne
671 1573 797 1615 exurere
817 1553 940 1615 classem

162 1638 299 1714 Argivom
318 1643 405 1717 atquc
427 1640 507 1716 ipsos
527 1639 621 1716 potuit
638 1639 830 1714 submergere
845 1646 935 1716 ponto

163 1721 247 1782 unius
270 1720 308 1801 ob
330 1738 437 1783 noxam
460 1730 490 1783 et
511 1723 602 1784 iurias
619 1724 713 1784 iliacis
735 1722 809 1783 unit

161 1803 224 1882 ipsa
244 1803 320 1865 lovis
342 1807 477 1885 rapidum
499 1807 623 1869 iaculata
645 1827 662 1869 e
684 1806 812 1868 nubibus
833 1807 930 1883 ignem

157 1889 333 1967 disiecitque
354 1899 432 1952 ratos
455 1893 616 1970 evertitque
636 1910 765 1970 aequora
785 1891 894 1959 ventis,

161 1971 244 2034 illum
264 1976 446 2052 expirantem
467 1976 608 2036 transfixo
629 1985 751 2054 pectore
770 1973 903 2034 flammas

161 2056 279 2132 turbine
302 2060 445 2138 corripuit
467 2059 649 2139 scopuloque
671 2060 764 2119 induit
785 2065 886 2134 acut03

162 2146 207 2200 est
226 2158 297 2219 ego,
325 2161 400 2221 quae
422 2142 519 2205 divom
540 2144 644 2204 incedo
667 2144 786 2220 regina,
807 2140 941 2217 lorisque

161 2230 190 2284 et
211 2241 297 2285 soror
316 2234 346 2287 et
369 2227 510 2295 coniunx,
531 2245 589 2287 una
612 2232 790 2302 cumgente
812 2231 856 2284 tot
873 2240 966 2284 annos

161 2305 238 2370 bella
259 2325 341 2387 gero.
387 2316 416 2371 et
438 2311 591 2390 quisquam
610 2327 719 2370 numen
741 2309 860 2369 lunonis
881 2306 985 2368 adorat

160 2399 331 2470 praeterea,
360 2402 410 2454 aut
428 2393 551 2474 supplex
573 2395 633 2455 aris
654 2395 785 2472 imponet
805 2391 982 2453 honoreml’

203 2475 283 2537 Talia
305 2477 454 2540 flammato
476 2497 577 2540 secum
599 2479 652 2539 dea
674 2478 765 2540 corde
782 2475 915 2539 volutans

162 2559 329 2622 nimborum
351 2564 381 2622 in
400 2565 540 2642 patriam,
567 2562 632 2624 loca
654 2562 712 2624 leta
730 2561 896 2623 furentibus
913 2561 1035 2643 austris,

161 2643 292 2705 Aeoliam
312 2648 400 2709 veuit.
445 2649 493 2709 hic
513 2656 595 2708 vasto
617 2665 670 2708 rex
691 2646 799 2708 Aeolus
821 2652 906 2706 antro

161 2728 306 2791 luctantes
328 2738 430 2793 ventos
448 2739 695 2811 tempestatesque
716 2749 838 2792 sonoras

161 2814 286 2891 imperio
308 2817 415 2892 premit
434 2834 469 2877 ac
485 2816 587 2878 sinclis
608 2823 637 2877 et
659 2834 779 2877 carcere
801 2815 907 2876 frenat.

161 2895 203 2957 illi
223 2896 408 2975 indignantes
430 2918 537 2979 magno
561 2918 627 2961 cum
648 2917 801 2960 murmure
822 2897 930 2958 montis

163 2981 274 3042 circum
297 2982 424 3045 claustra
443 2983 587 3052 iremunt3
617 2982 694 3044 celsa
716 2983 799 3045 sedet
820 2979 928 3042 Aeolus
950 2996 1021 3040 arce

162 3072 279 3143 sceptra
301 3076 419 3139 tenens,
448 3067 599 3145 mollitque
617 3069 730 3128 animos
751 3072 781 3127 et
800 3069 946 3143 temperat
968 3063 1035 3124 nas.

107 3174 147 3220 ς,
162 3150 193 3210 ni
214 3149 313 3220 iaciat,
341 3154 433 3214 maria
456 3158 603 3213 aeternas
626 3149 798 3229 caelumque
818 3147 1000 3227 profundum

163 3233 273 3312 quippe
294 3233 391 3297 ferant
411 3238 506 3316 rapidi
528 3254 628 3297 secum
650 3242 827 3313 verrantque
847 3251 902 3312 per
924 3249 1025 3292 auras:

162 3316 215 3380 scd
229 3326 312 3396 pater
332 3323 517 3400 omnipotens
538 3320 685 3398 speluncis
706 3318 816 3381 abdidit
838 3319 908 3378 atris

162 3401 221 3471 boc
243 3412 389 3477 metuens,
419 3406 586 3484 molemque
607 3413 636 3467 et
656 3413 771 3466 montes
794 3405 915 3481 insuper
938 3399 1012 3461 altos

163 3487 319 3564 imposuit,
344 3505 505 3568 regemque
527 3490 622 3558 dedit,
646 3492 696 3569 qui
718 3488 838 3549 loedere
857 3493 938 3548 certo

164 3575 194 3630 et
214 3586 351 3648 premere
374 3578 403 3633 et
423 3572 504 3633 laxas
522 3575 612 3634 sciret
633 3574 704 3634 dare
731 3575 826 3632 iussus
848 3569 987 3631 habenas.
