<?xml version="1.0" encoding="UTF-8"?>
<!DOCTYPE html PUBLIC "-//W3C//DTD XHTML 1.0 Transitional//EN"
    "http://www.w3.org/TR/xhtml1/DTD/xhtml1-transitional.dtd">
<html xmlns="http://www.w3.org/1999/xhtml" xml:lang="en" lang="en">
 <head>
  <title>
</title>
<meta http-equiv="Content-Type" content="text/html;charset=utf-8" />
  <meta name='ocr-system' content='tesseract 3.04.00' />
  <meta name='ocr-capabilities' content='ocr_page ocr_carea ocr_par ocr_line ocrx_word'/>
</head>
<body>
  <div class='ocr_page' id='page_1' title='image "./pvergilimaronis12virggoog/pvergilimaronis12virggoog_0288.png"; bbox 0 0 2512 4096; ppageno 0'>
   <div class='ocr_carea' id='block_1_1' title="bbox 346 269 1037 357">
    <p class='ocr_par' dir='ltr' id='par_1_1' title="bbox 346 269 1037 357">
     <span class='ocr_line' id='line_1_1' title="bbox 346 269 1037 357; baseline 0 -29"><span class='ocrx_word' id='word_1_1' title='bbox 346 279 491 357; x_wconf 81' lang='lat' dir='ltr'><strong>vnnornr</strong></span> <span class='ocrx_word' id='word_1_2' title='bbox 509 280 634 329; x_wconf 81' lang='lat' dir='ltr'><strong>arturus</strong></span> <span class='ocrx_word' id='word_1_3' title='bbox 654 280 718 327; x_wconf 88' lang='lat' dir='ltr'><strong>vrrr</strong></span> <span class='ocrx_word' id='word_1_4' title='bbox 974 269 1037 332; x_wconf 73' lang='grc'><strong>257</strong></span> 
     </span>
    </p>
   </div>
   <div class='ocr_carea' id='block_1_2' title="bbox 23 434 1129 3603">
    <p class='ocr_par' dir='ltr' id='par_1_2' title="bbox 25 434 1129 683">
     <span class='ocr_line' id='line_1_2' title="bbox 25 434 1129 518; baseline -0.006 -18"><span class='ocrx_word' id='word_1_5' title='bbox 25 447 216 518; x_wconf 80' lang='lat' dir='ltr'><strong>secretosque</strong></span> <span class='ocrx_word' id='word_1_6' title='bbox 236 439 311 516; x_wconf 88' lang='lat' dir='ltr'><strong>pios,</strong></span> <span class='ocrx_word' id='word_1_7' title='bbox 333 437 378 496; x_wconf 93' lang='lat' dir='ltr'><strong>his</strong></span> <span class='ocrx_word' id='word_1_8' title='bbox 401 437 517 498; x_wconf 84' lang='lat' dir='ltr'><strong>dantem</strong></span> <span class='ocrx_word' id='word_1_9' title='bbox 538 439 603 498; x_wconf 88' lang='lat' dir='ltr'><strong>iura</strong></span> <span class='ocrx_word' id='word_1_10' title='bbox 625 434 772 496; x_wconf 84' lang='lat' dir='ltr'><strong>Catonem.</strong></span> <span class='ocrx_word' id='word_1_11' title='bbox 987 444 1038 494; x_wconf 80' lang='lat' dir='ltr'><strong>oro</strong></span> <span class='ocrx_word' id='word_1_12' title='bbox 1127 460 1129 465; x_wconf 48' lang='lat'><strong>⁴</strong></span> 
     </span>
     <span class='ocr_line' id='line_1_3' title="bbox 26 519 860 598; baseline -0.005 -16"><span class='ocrx_word' id='word_1_13' title='bbox 26 524 99 582; x_wconf 87' lang='lat' dir='ltr'><strong>haee</strong></span> <span class='ocrx_word' id='word_1_14' title='bbox 119 524 195 582; x_wconf 89' lang='lat' dir='ltr'><strong>inter</strong></span> <span class='ocrx_word' id='word_1_15' title='bbox 214 521 319 582; x_wconf 90' lang='lat' dir='ltr'><strong>tumidi</strong></span> <span class='ocrx_word' id='word_1_16' title='bbox 342 519 401 581; x_wconf 85' lang='lat' dir='ltr'><strong>late</strong></span> <span class='ocrx_word' id='word_1_17' title='bbox 420 520 512 581; x_wconf 83' lang='lat' dir='ltr'><strong>maris</strong></span> <span class='ocrx_word' id='word_1_18' title='bbox 532 520 593 580; x_wconf 87' lang='lat' dir='ltr'><strong>ibat</strong></span> <span class='ocrx_word' id='word_1_19' title='bbox 614 521 711 598; x_wconf 87' lang='lat' dir='ltr'><strong>imago</strong></span> <span class='ocrx_word' id='word_1_20' title='bbox 857 532 860 538; x_wconf 89' lang='lat'>·</span> 
     </span>
     <span class='ocr_line' id='line_1_4' title="bbox 26 602 752 683; baseline -0.006 -17"><span class='ocrx_word' id='word_1_21' title='bbox 26 625 126 675; x_wconf 82' lang='lat' dir='ltr'><strong>aurea,</strong></span> <span class='ocrx_word' id='word_1_22' title='bbox 146 605 196 666; x_wconf 88' lang='lat' dir='ltr'><strong>sed</strong></span> <span class='ocrx_word' id='word_1_23' title='bbox 212 603 304 666; x_wconf 90' lang='lat' dir='ltr'><strong>lluctu</strong></span> <span class='ocrx_word' id='word_1_24' title='bbox 323 603 500 683; x_wconf 83' lang='lat' dir='ltr'><strong>spumabant</strong></span> <span class='ocrx_word' id='word_1_25' title='bbox 522 602 639 664; x_wconf 88' lang='lat' dir='ltr'><strong>caerula</strong></span> <span class='ocrx_word' id='word_1_26' title='bbox 661 620 752 669; x_wconf 77' lang='lat' dir='ltr'><strong>cano:</strong></span> 
     </span>
    </p>

    <p class='ocr_par' dir='ltr' id='par_1_3' title="bbox 25 685 892 926">
     <span class='ocr_line' id='line_1_5' title="bbox 26 685 774 766; baseline -0.004 -16"><span class='ocrx_word' id='word_1_27' title='bbox 26 698 55 750; x_wconf 94' lang='lat' dir='ltr'><strong>et</strong></span> <span class='ocrx_word' id='word_1_28' title='bbox 76 691 186 751; x_wconf 90' lang='lat' dir='ltr'><strong>circum</strong></span> <span class='ocrx_word' id='word_1_29' title='bbox 210 696 331 766; x_wconf 85' lang='lat' dir='ltr'><strong>argento</strong></span> <span class='ocrx_word' id='word_1_30' title='bbox 354 687 425 749; x_wconf 89' lang='lat' dir='ltr'><strong>clari</strong></span> <span class='ocrx_word' id='word_1_31' title='bbox 448 685 599 766; x_wconf 78' lang='lat' dir='ltr'><strong>delphines</strong></span> <span class='ocrx_word' id='word_1_32' title='bbox 618 689 649 746; x_wconf 89' lang='lat' dir='ltr'><strong>in</strong></span> <span class='ocrx_word' id='word_1_33' title='bbox 672 686 774 747; x_wconf 88' lang='lat' dir='ltr'><strong>orbem</strong></span> 
     </span>
     <span class='ocr_line' id='line_1_6' title="bbox 25 770 892 850; baseline -0.009 -17"><span class='ocrx_word' id='word_1_34' title='bbox 25 790 154 850; x_wconf 81' lang='lat' dir='ltr'><strong>aequora</strong></span> <span class='ocrx_word' id='word_1_35' title='bbox 178 772 334 832; x_wconf 89' lang='lat' dir='ltr'><strong>verrebant</strong></span> <span class='ocrx_word' id='word_1_36' title='bbox 356 771 455 831; x_wconf 87' lang='lat' dir='ltr'><strong>caudis</strong></span> <span class='ocrx_word' id='word_1_37' title='bbox 474 778 646 849; x_wconf 77' lang='lat' dir='ltr'><strong>aestumque</strong></span> <span class='ocrx_word' id='word_1_38' title='bbox 665 770 813 831; x_wconf 82' lang='lat' dir='ltr'>secabant.</span> <span class='ocrx_word' id='word_1_39' title='bbox 888 818 892 825; x_wconf 90' lang='lat'>.</span> 
     </span>
     <span class='ocr_line' id='line_1_7' title="bbox 25 853 652 926; baseline -0.003 -10"><span class='ocrx_word' id='word_1_40' title='bbox 25 858 55 916; x_wconf 92' lang='lat' dir='ltr'><strong>in</strong></span> <span class='ocrx_word' id='word_1_41' title='bbox 77 857 176 917; x_wconf 91' lang='lat' dir='ltr'><strong>medio</strong></span> <span class='ocrx_word' id='word_1_42' title='bbox 198 854 300 916; x_wconf 90' lang='lat' dir='ltr'><strong>classis</strong></span> <span class='ocrx_word' id='word_1_43' title='bbox 318 862 440 926; x_wconf 83' lang='lat' dir='ltr'><strong>aeratas,</strong></span> <span class='ocrx_word' id='word_1_44' title='bbox 464 856 545 915; x_wconf 74' lang='lat' dir='ltr'><strong>Actia</strong></span> <span class='ocrx_word' id='word_1_45' title='bbox 567 853 652 924; x_wconf 88' lang='lat' dir='ltr'><strong>bella,</strong></span> 
     </span>
    </p>

    <p class='ocr_par' dir='ltr' id='par_1_4' title="bbox 24 937 812 1101">
     <span class='ocr_line' id='line_1_8' title="bbox 25 937 812 1017; baseline -0.006 -17"><span class='ocrx_word' id='word_1_46' title='bbox 25 957 150 1001; x_wconf 90' lang='lat' dir='ltr'><strong>cernere</strong></span> <span class='ocrx_word' id='word_1_47' title='bbox 170 948 233 1000; x_wconf 89' lang='lat' dir='ltr'><strong>erat</strong></span> <span class='ocrx_word' id='word_1_48' title='bbox 249 947 402 1017; x_wconf 87' lang='lat' dir='ltr'><strong>totumque</strong></span> <span class='ocrx_word' id='word_1_49' title='bbox 421 940 565 998; x_wconf 89' lang='lat' dir='ltr'><strong>instructo</strong></span> <span class='ocrx_word' id='word_1_50' title='bbox 585 938 678 999; x_wconf 87' lang='lat' dir='ltr'><strong>Marte</strong></span> <span class='ocrx_word' id='word_1_51' title='bbox 697 937 812 997; x_wconf 81' lang='lat' dir='ltr'><strong>videres</strong></span> 
     </span>
     <span class='ocr_line' id='line_1_9' title="bbox 24 1021 756 1101; baseline -0.005 -17"><span class='ocrx_word' id='word_1_52' title='bbox 24 1024 140 1084; x_wconf 80' lang='lat' dir='ltr'><strong>fervere</strong></span> <span class='ocrx_word' id='word_1_53' title='bbox 159 1024 307 1084; x_wconf 79' lang='lat' dir='ltr'><strong>Leucaten</strong></span> <span class='ocrx_word' id='word_1_54' title='bbox 326 1040 457 1101; x_wconf 90' lang='lat' dir='ltr'><strong>auroque</strong></span> <span class='ocrx_word' id='word_1_55' title='bbox 478 1021 619 1099; x_wconf 77' lang='lat' dir='ltr'><strong>effulgere</strong></span> <span class='ocrx_word' id='word_1_56' title='bbox 641 1021 756 1083; x_wconf 77' lang='lat' dir='ltr'><strong>llucurs.</strong></span> 
     </span>
    </p>

    <p class='ocr_par' dir='ltr' id='par_1_5' title="bbox 25 1105 799 1186">
     <span class='ocr_line' id='line_1_10' title="bbox 25 1105 799 1186; baseline -0.001 -20"><span class='ocrx_word' id='word_1_57' title='bbox 25 1108 94 1166; x_wconf 90' lang='lat' dir='ltr'><strong>hinc</strong></span> <span class='ocrx_word' id='word_1_58' title='bbox 116 1108 264 1183; x_wconf 77' lang='lat' dir='ltr'><strong>Augustus</strong></span> <span class='ocrx_word' id='word_1_59' title='bbox 286 1124 376 1184; x_wconf 87' lang='lat' dir='ltr'><strong>agens</strong></span> <span class='ocrx_word' id='word_1_60' title='bbox 398 1105 486 1167; x_wconf 91' lang='lat' dir='ltr'><strong>ltalos</strong></span> <span class='ocrx_word' id='word_1_61' title='bbox 508 1108 538 1167; x_wconf 94' lang='lat' dir='ltr'><strong>in</strong></span> <span class='ocrx_word' id='word_1_62' title='bbox 559 1105 674 1186; x_wconf 87' lang='lat' dir='ltr'><strong>proelia</strong></span> <span class='ocrx_word' id='word_1_63' title='bbox 693 1105 799 1165; x_wconf 82' lang='lat' dir='ltr'><strong>Caesar</strong></span> 
     </span>
    </p>

    <p class='ocr_par' dir='ltr' id='par_1_6' title="bbox 24 1188 919 1519">
     <span class='ocr_line' id='line_1_11' title="bbox 25 1188 875 1268; baseline -0.002 -18"><span class='ocrx_word' id='word_1_64' title='bbox 25 1208 94 1250; x_wconf 91' lang='lat' dir='ltr'><strong>curn</strong></span> <span class='ocrx_word' id='word_1_65' title='bbox 117 1188 250 1267; x_wconf 89' lang='lat' dir='ltr'><strong>patribus</strong></span> <span class='ocrx_word' id='word_1_66' title='bbox 271 1189 449 1268; x_wconf 81' lang='lat' dir='ltr'><strong>populoque,</strong></span> <span class='ocrx_word' id='word_1_67' title='bbox 471 1189 627 1268; x_wconf 88' lang='lat' dir='ltr'><strong>penatibus</strong></span> <span class='ocrx_word' id='word_1_68' title='bbox 644 1197 673 1250; x_wconf 93' lang='lat' dir='ltr'><strong>et</strong></span> <span class='ocrx_word' id='word_1_69' title='bbox 691 1189 805 1266; x_wconf 88' lang='lat' dir='ltr'><strong>magnis</strong></span> <span class='ocrx_word' id='word_1_70' title='bbox 822 1189 875 1255; x_wconf 92' lang='lat' dir='ltr'><strong>dis,</strong></span> 
     </span>
     <span class='ocr_line' id='line_1_12' title="bbox 25 1271 919 1352; baseline -0.002 -20"><span class='ocrx_word' id='word_1_71' title='bbox 25 1282 106 1334; x_wconf 86' lang='lat' dir='ltr'><strong>stans</strong></span> <span class='ocrx_word' id='word_1_72' title='bbox 130 1272 205 1333; x_wconf 87' lang='lat' dir='ltr'><strong>celsa</strong></span> <span class='ocrx_word' id='word_1_73' title='bbox 226 1274 257 1333; x_wconf 90' lang='lat' dir='ltr'><strong>in</strong></span> <span class='ocrx_word' id='word_1_74' title='bbox 279 1275 385 1352; x_wconf 87' lang='lat' dir='ltr'><strong>puppi;</strong></span> <span class='ocrx_word' id='word_1_75' title='bbox 409 1275 540 1349; x_wconf 80' lang='lat' dir='ltr'><strong>geminas</strong></span> <span class='ocrx_word' id='word_1_76' title='bbox 563 1273 612 1333; x_wconf 85' lang='lat' dir='ltr'><strong>cui</strong></span> <span class='ocrx_word' id='word_1_77' title='bbox 630 1280 764 1351; x_wconf 82' lang='lat' dir='ltr'><strong>tempora</strong></span> <span class='ocrx_word' id='word_1_78' title='bbox 786 1271 919 1333; x_wconf 84' lang='lat' dir='ltr'><strong>flammas</strong></span> 
     </span>
     <span class='ocr_line' id='line_1_13' title="bbox 26 1355 845 1434; baseline 0.002 -20"><span class='ocrx_word' id='word_1_79' title='bbox 26 1356 102 1417; x_wconf 89' lang='lat' dir='ltr'><strong>laeta</strong></span> <span class='ocrx_word' id='word_1_80' title='bbox 122 1363 244 1416; x_wconf 86' lang='lat' dir='ltr'><strong>vomunt</strong></span> <span class='ocrx_word' id='word_1_81' title='bbox 266 1357 452 1434; x_wconf 87' lang='lat' dir='ltr'><strong>patriumque</strong></span> <span class='ocrx_word' id='word_1_82' title='bbox 474 1358 605 1434; x_wconf 84' lang='lat' dir='ltr'><strong>aperitur</strong></span> <span class='ocrx_word' id='word_1_83' title='bbox 626 1356 734 1417; x_wconf 86' lang='lat' dir='ltr'><strong>vertice</strong></span> <span class='ocrx_word' id='word_1_84' title='bbox 755 1355 845 1416; x_wconf 81' lang='lat' dir='ltr'><strong>sidus.</strong></span> 
     </span>
     <span class='ocr_line' id='line_1_14' title="bbox 24 1439 724 1519; baseline -0.001 -20"><span class='ocrx_word' id='word_1_85' title='bbox 24 1448 110 1517; x_wconf 85' lang='lat' dir='ltr'><strong>parte</strong></span> <span class='ocrx_word' id='word_1_86' title='bbox 131 1440 186 1500; x_wconf 86' lang='lat' dir='ltr'><strong>alia</strong></span> <span class='ocrx_word' id='word_1_87' title='bbox 208 1441 300 1501; x_wconf 84' lang='lat' dir='ltr'><strong>ventis</strong></span> <span class='ocrx_word' id='word_1_88' title='bbox 323 1449 352 1501; x_wconf 92' lang='lat' dir='ltr'><strong>et</strong></span> <span class='ocrx_word' id='word_1_89' title='bbox 372 1440 416 1499; x_wconf 84' lang='lat' dir='ltr'><strong>dis</strong></span> <span class='ocrx_word' id='word_1_90' title='bbox 436 1440 565 1519; x_wconf 72' lang='lat' dir='ltr'><strong>Agrippa</strong></span> <span class='ocrx_word' id='word_1_91' title='bbox 588 1439 724 1500; x_wconf 86' lang='lat' dir='ltr'><strong>secundis</strong></span> 
     </span>
    </p>

    <p class='ocr_par' dir='ltr' id='par_1_7' title="bbox 25 1520 885 1684">
     <span class='ocr_line' id='line_1_15' title="bbox 25 1520 885 1602; baseline 0.001 -19"><span class='ocrx_word' id='word_1_92' title='bbox 25 1523 135 1583; x_wconf 91' lang='lat' dir='ltr'><strong>arduos</strong></span> <span class='ocrx_word' id='word_1_93' title='bbox 157 1541 263 1600; x_wconf 81' lang='lat' dir='ltr'><strong>agmen</strong></span> <span class='ocrx_word' id='word_1_94' title='bbox 284 1541 389 1601; x_wconf 85' lang='lat' dir='ltr'><strong>agens;</strong></span> <span class='ocrx_word' id='word_1_95' title='bbox 411 1524 457 1584; x_wconf 81' lang='lat' dir='ltr'><strong>eui</strong></span> <span class='ocrx_word' id='word_1_96' title='bbox 480 1522 566 1602; x_wconf 85' lang='lat' dir='ltr'><strong>(belli</strong></span> <span class='ocrx_word' id='word_1_97' title='bbox 579 1524 696 1599; x_wconf 77' lang='lat' dir='ltr'><strong>insigne</strong></span> <span class='ocrx_word' id='word_1_98' title='bbox 712 1520 885 1602; x_wconf 85' lang='lat' dir='ltr'><strong>superbum)</strong></span> 
     </span>
     <span class='ocr_line' id='line_1_16' title="bbox 25 1606 697 1684; baseline 0.001 -19"><span class='ocrx_word' id='word_1_99' title='bbox 25 1613 159 1684; x_wconf 88' lang='lat' dir='ltr'><strong>tempora</strong></span> <span class='ocrx_word' id='word_1_100' title='bbox 181 1606 275 1666; x_wconf 86' lang='lat' dir='ltr'><strong>navali</strong></span> <span class='ocrx_word' id='word_1_101' title='bbox 295 1607 411 1683; x_wconf 77' lang='lat' dir='ltr'><strong>fulgent</strong></span> <span class='ocrx_word' id='word_1_102' title='bbox 431 1615 557 1668; x_wconf 86' lang='lat' dir='ltr'><strong>rostrata</strong></span> <span class='ocrx_word' id='word_1_103' title='bbox 578 1624 697 1667; x_wconf 84' lang='lat' dir='ltr'><strong>corona.</strong></span> 
     </span>
    </p>

    <p class='ocr_par' dir='ltr' id='par_1_8' title="bbox 23 1689 896 2436">
     <span class='ocr_line' id='line_1_17' title="bbox 24 1689 794 1770; baseline -0.001 -21"><span class='ocrx_word' id='word_1_104' title='bbox 24 1689 94 1749; x_wconf 91' lang='lat' dir='ltr'><strong>hinc</strong></span> <span class='ocrx_word' id='word_1_105' title='bbox 113 1707 169 1767; x_wconf 89' lang='lat' dir='ltr'><strong>ope</strong></span> <span class='ocrx_word' id='word_1_106' title='bbox 190 1689 345 1750; x_wconf 87' lang='lat' dir='ltr'><strong>barbarica</strong></span> <span class='ocrx_word' id='word_1_107' title='bbox 367 1691 512 1770; x_wconf 86' lang='lat' dir='ltr'><strong>variisque</strong></span> <span class='ocrx_word' id='word_1_108' title='bbox 533 1690 674 1752; x_wconf 77' lang='lat' dir='ltr'><strong>Antonius</strong></span> <span class='ocrx_word' id='word_1_109' title='bbox 697 1690 794 1759; x_wconf 86' lang='lat' dir='ltr'><strong>armis,</strong></span> 
     </span>
     <span class='ocr_line' id='line_1_18' title="bbox 24 1771 753 1852; baseline 0.005 -21"><span class='ocrx_word' id='word_1_110' title='bbox 24 1774 118 1832; x_wconf 86' lang='lat' dir='ltr'><strong>victor</strong></span> <span class='ocrx_word' id='word_1_111' title='bbox 140 1771 177 1833; x_wconf 94' lang='lat' dir='ltr'><strong>ab</strong></span> <span class='ocrx_word' id='word_1_112' title='bbox 198 1775 331 1834; x_wconf 76' lang='lat' dir='ltr'><strong>Aurorae</strong></span> <span class='ocrx_word' id='word_1_113' title='bbox 352 1773 471 1852; x_wconf 89' lang='lat' dir='ltr'><strong>populis</strong></span> <span class='ocrx_word' id='word_1_114' title='bbox 492 1782 521 1835; x_wconf 92' lang='lat' dir='ltr'><strong>et</strong></span> <span class='ocrx_word' id='word_1_115' title='bbox 543 1774 631 1835; x_wconf 86' lang='lat' dir='ltr'><strong>litore</strong></span> <span class='ocrx_word' id='word_1_116' title='bbox 651 1773 753 1842; x_wconf 91' lang='lat' dir='ltr'><strong>rubro,</strong></span> 
     </span>
     <span class='ocr_line' id='line_1_19' title="bbox 24 1857 789 1938; baseline 0.001 -21"><span class='ocrx_word' id='word_1_117' title='bbox 24 1859 188 1935; x_wconf 82' lang='lat' dir='ltr'><strong>Aegyptum</strong></span> <span class='ocrx_word' id='word_1_118' title='bbox 210 1858 346 1938; x_wconf 88' lang='lat' dir='ltr'><strong>viresque</strong></span> <span class='ocrx_word' id='word_1_119' title='bbox 368 1857 496 1918; x_wconf 76' lang='lat' dir='ltr'><strong>Orientis</strong></span> <span class='ocrx_word' id='word_1_120' title='bbox 519 1866 548 1918; x_wconf 89' lang='lat' dir='ltr'><strong>et</strong></span> <span class='ocrx_word' id='word_1_121' title='bbox 568 1857 669 1919; x_wconf 83' lang='lat' dir='ltr'><strong>ultima</strong></span> <span class='ocrx_word' id='word_1_122' title='bbox 688 1875 789 1918; x_wconf 89' lang='lat' dir='ltr'><strong>secum</strong></span> 
     </span>
     <span class='ocr_line' id='line_1_20' title="bbox 25 1939 896 2021; baseline -0.002 -21"><span class='ocrx_word' id='word_1_123' title='bbox 25 1941 131 2000; x_wconf 79' lang='lat' dir='ltr'><strong>bactra</strong></span> <span class='ocrx_word' id='word_1_124' title='bbox 153 1939 239 2010; x_wconf 90' lang='lat' dir='ltr'><strong>vehit,</strong></span> <span class='ocrx_word' id='word_1_125' title='bbox 261 1942 451 2019; x_wconf 75' lang='lat' dir='ltr'><strong>sequiturque</strong></span> <span class='ocrx_word' id='word_1_126' title='bbox 474 1940 575 2021; x_wconf 77' lang='lat' dir='ltr'><strong>(nefas)</strong></span> <span class='ocrx_word' id='word_1_127' title='bbox 597 1942 738 2018; x_wconf 75' lang='lat' dir='ltr'><strong>Aegyptia</strong></span> <span class='ocrx_word' id='word_1_128' title='bbox 760 1941 896 1999; x_wconf 86' lang='lat' dir='ltr'><strong>coniunx.</strong></span> 
     </span>
     <span class='ocr_line' id='line_1_21' title="bbox 26 2023 812 2102; baseline -0.003 -20"><span class='ocrx_word' id='word_1_129' title='bbox 26 2040 85 2082; x_wconf 92' lang='lat' dir='ltr'><strong>una</strong></span> <span class='ocrx_word' id='word_1_130' title='bbox 107 2039 208 2082; x_wconf 88' lang='lat' dir='ltr'><strong>omnes</strong></span> <span class='ocrx_word' id='word_1_131' title='bbox 227 2041 326 2091; x_wconf 90' lang='lat' dir='ltr'><strong>ruere,</strong></span> <span class='ocrx_word' id='word_1_132' title='bbox 349 2042 383 2084; x_wconf 90' lang='lat' dir='ltr'><strong>ac</strong></span> <span class='ocrx_word' id='word_1_133' title='bbox 404 2031 499 2084; x_wconf 86' lang='lat' dir='ltr'><strong>totum</strong></span> <span class='ocrx_word' id='word_1_134' title='bbox 520 2041 658 2102; x_wconf 85' lang='lat' dir='ltr'><strong>spumare</strong></span> <span class='ocrx_word' id='word_1_135' title='bbox 681 2023 812 2083; x_wconf 90' lang='lat' dir='ltr'><strong>reductis</strong></span> 
     </span>
     <span class='ocr_line' id='line_1_22' title="bbox 26 2105 833 2184; baseline -0.009 -13"><span class='ocrx_word' id='word_1_136' title='bbox 26 2105 199 2171; x_wconf 76' lang='lat' dir='ltr'><strong>convolsum</strong></span> <span class='ocrx_word' id='word_1_137' title='bbox 220 2108 308 2166; x_wconf 86' lang='lat' dir='ltr'><strong>remis</strong></span> <span class='ocrx_word' id='word_1_138' title='bbox 332 2108 494 2184; x_wconf 88' lang='lat' dir='ltr'><strong>rostrisque</strong></span> <span class='ocrx_word' id='word_1_139' title='bbox 515 2105 691 2168; x_wconf 82' lang='lat' dir='ltr'><strong>tridentibus</strong></span> <span class='ocrx_word' id='word_1_140' title='bbox 713 2123 833 2181; x_wconf 87' lang='lat' dir='ltr'><strong>aequor.</strong></span> 
     </span>
     <span class='ocr_line' id='line_1_23' title="bbox 23 2187 745 2270; baseline -0.01 -16"><span class='ocrx_word' id='word_1_141' title='bbox 23 2194 82 2254; x_wconf 82' lang='lat' dir='ltr'><strong>alta</strong></span> <span class='ocrx_word' id='word_1_142' title='bbox 104 2201 222 2270; x_wconf 89' lang='lat' dir='ltr'><strong>petunt:</strong></span> <span class='ocrx_word' id='word_1_143' title='bbox 246 2188 351 2269; x_wconf 88' lang='lat' dir='ltr'><strong>pelago</strong></span> <span class='ocrx_word' id='word_1_144' title='bbox 372 2189 476 2250; x_wconf 90' lang='lat' dir='ltr'><strong>credas</strong></span> <span class='ocrx_word' id='word_1_145' title='bbox 496 2192 598 2250; x_wconf 83' lang='lat' dir='ltr'><strong>innare</strong></span> <span class='ocrx_word' id='word_1_146' title='bbox 617 2187 745 2249; x_wconf 82' lang='lat' dir='ltr'><strong>revolsas</strong></span> 
     </span>
     <span class='ocr_line' id='line_1_24' title="bbox 24 2271 834 2355; baseline -0.014 -14"><span class='ocrx_word' id='word_1_147' title='bbox 24 2274 164 2355; x_wconf 74' lang='lat' dir='ltr'><strong>Cycladas</strong></span> <span class='ocrx_word' id='word_1_148' title='bbox 182 2286 232 2336; x_wconf 88' lang='lat' dir='ltr'><strong>aut</strong></span> <span class='ocrx_word' id='word_1_149' title='bbox 254 2274 360 2334; x_wconf 85' lang='lat' dir='ltr'><strong>montis</strong></span> <span class='ocrx_word' id='word_1_150' title='bbox 381 2290 560 2334; x_wconf 90' lang='lat' dir='ltr'><strong>concurrere</strong></span> <span class='ocrx_word' id='word_1_151' title='bbox 581 2271 730 2333; x_wconf 89' lang='lat' dir='ltr'><strong>montibus</strong></span> <span class='ocrx_word' id='word_1_152' title='bbox 752 2271 834 2339; x_wconf 86' lang='lat' dir='ltr'><strong>altos,</strong></span> 
     </span>
     <span class='ocr_line' id='line_1_25' title="bbox 24 2356 718 2436; baseline -0.007 -15"><span class='ocrx_word' id='word_1_153' title='bbox 24 2367 105 2421; x_wconf 89' lang='lat' dir='ltr'><strong>tanta</strong></span> <span class='ocrx_word' id='word_1_154' title='bbox 124 2358 202 2420; x_wconf 90' lang='lat' dir='ltr'><strong>mole</strong></span> <span class='ocrx_word' id='word_1_155' title='bbox 224 2361 277 2419; x_wconf 91' lang='lat' dir='ltr'><strong>viri</strong></span> <span class='ocrx_word' id='word_1_156' title='bbox 299 2357 412 2418; x_wconf 89' lang='lat' dir='ltr'><strong>turritis</strong></span> <span class='ocrx_word' id='word_1_157' title='bbox 430 2356 578 2436; x_wconf 91' lang='lat' dir='ltr'><strong>puppibus</strong></span> <span class='ocrx_word' id='word_1_158' title='bbox 600 2357 718 2416; x_wconf 90' lang='lat' dir='ltr'><strong>instant.</strong></span> 
     </span>
    </p>

    <p class='ocr_par' dir='ltr' id='par_1_9' title="bbox 23 2437 894 3099">
     <span class='ocr_line' id='line_1_26' title="bbox 23 2437 817 2523; baseline -0.01 -17"><span class='ocrx_word' id='word_1_159' title='bbox 23 2451 149 2523; x_wconf 89' lang='lat' dir='ltr'><strong>stuppea</strong></span> <span class='ocrx_word' id='word_1_160' title='bbox 171 2441 289 2503; x_wconf 89' lang='lat' dir='ltr'><strong>tlamma</strong></span> <span class='ocrx_word' id='word_1_161' title='bbox 311 2459 400 2502; x_wconf 90' lang='lat' dir='ltr'><strong>manu</strong></span> <span class='ocrx_word' id='word_1_162' title='bbox 421 2439 547 2520; x_wconf 89' lang='lat' dir='ltr'><strong>telisque</strong></span> <span class='ocrx_word' id='word_1_163' title='bbox 568 2437 684 2500; x_wconf 85' lang='lat' dir='ltr'><strong>volatile</strong></span> <span class='ocrx_word' id='word_1_164' title='bbox 705 2439 817 2500; x_wconf 85' lang='lat' dir='ltr'><strong>ferrum</strong></span> 
     </span>
     <span class='ocr_line' id='line_1_27' title="bbox 23 2521 832 2607; baseline -0.01 -18"><span class='ocrx_word' id='word_1_165' title='bbox 23 2529 183 2607; x_wconf 79' lang='lat' dir='ltr'><strong>spargitur,</strong></span> <span class='ocrx_word' id='word_1_166' title='bbox 207 2545 276 2586; x_wconf 87' lang='lat' dir='ltr'><strong>arva</strong></span> <span class='ocrx_word' id='word_1_167' title='bbox 299 2543 373 2585; x_wconf 85' lang='lat' dir='ltr'><strong>nova</strong></span> <span class='ocrx_word' id='word_1_168' title='bbox 393 2523 537 2602; x_wconf 86' lang='lat' dir='ltr'><strong>Neptunia</strong></span> <span class='ocrx_word' id='word_1_169' title='bbox 553 2523 643 2584; x_wconf 87' lang='lat' dir='ltr'><strong>caede</strong></span> <span class='ocrx_word' id='word_1_170' title='bbox 663 2521 832 2584; x_wconf 89' lang='lat' dir='ltr'><strong>rubescunt.</strong></span> 
     </span>
     <span class='ocr_line' id='line_1_28' title="bbox 24 2607 767 2689; baseline -0.007 -18"><span class='ocrx_word' id='word_1_171' title='bbox 24 2612 127 2689; x_wconf 87' lang='lat' dir='ltr'><strong>regina</strong></span> <span class='ocrx_word' id='word_1_172' title='bbox 148 2612 179 2669; x_wconf 93' lang='lat' dir='ltr'><strong>in</strong></span> <span class='ocrx_word' id='word_1_173' title='bbox 199 2610 303 2670; x_wconf 89' lang='lat' dir='ltr'><strong>mediis</strong></span> <span class='ocrx_word' id='word_1_174' title='bbox 323 2610 418 2687; x_wconf 91' lang='lat' dir='ltr'><strong>patrio</strong></span> <span class='ocrx_word' id='word_1_175' title='bbox 438 2616 523 2668; x_wconf 89' lang='lat' dir='ltr'><strong>vocat</strong></span> <span class='ocrx_word' id='word_1_176' title='bbox 543 2609 660 2685; x_wconf 88' lang='lat' dir='ltr'><strong>agmina</strong></span> <span class='ocrx_word' id='word_1_177' title='bbox 681 2607 767 2667; x_wconf 85' lang='lat' dir='ltr'><strong>sistro</strong></span> 
     </span>
     <span class='ocr_line' id='line_1_29' title="bbox 24 2691 825 2771; baseline -0.006 -17"><span class='ocrx_word' id='word_1_178' title='bbox 24 2693 153 2755; x_wconf 89' lang='lat' dir='ltr'><strong>necdum</strong></span> <span class='ocrx_word' id='word_1_179' title='bbox 172 2694 258 2755; x_wconf 89' lang='lat' dir='ltr'><strong>etiam</strong></span> <span class='ocrx_word' id='word_1_180' title='bbox 281 2695 413 2771; x_wconf 91' lang='lat' dir='ltr'><strong>geminos</strong></span> <span class='ocrx_word' id='word_1_181' title='bbox 433 2711 449 2752; x_wconf 89' lang='lat' dir='ltr'><strong>a</strong></span> <span class='ocrx_word' id='word_1_182' title='bbox 467 2700 551 2769; x_wconf 89' lang='lat' dir='ltr'><strong>tergo</strong></span> <span class='ocrx_word' id='word_1_183' title='bbox 572 2691 692 2771; x_wconf 78' lang='lat' dir='ltr'><strong>respicit</strong></span> <span class='ocrx_word' id='word_1_184' title='bbox 712 2691 825 2768; x_wconf 89' lang='lat' dir='ltr'><strong>anguis.</strong></span> 
     </span>
     <span class='ocr_line' id='line_1_30' title="bbox 26 2772 868 2856; baseline -0.006 -19"><span class='ocrx_word' id='word_1_185' title='bbox 26 2779 277 2856; x_wconf 87' lang='lat' dir='ltr'><strong>omnigenumque</strong></span> <span class='ocrx_word' id='word_1_186' title='bbox 300 2778 387 2837; x_wconf 91' lang='lat' dir='ltr'><strong>deum</strong></span> <span class='ocrx_word' id='word_1_187' title='bbox 410 2783 541 2836; x_wconf 90' lang='lat' dir='ltr'><strong>monstra</strong></span> <span class='ocrx_word' id='word_1_188' title='bbox 564 2782 593 2837; x_wconf 92' lang='lat' dir='ltr'><strong>et</strong></span> <span class='ocrx_word' id='word_1_189' title='bbox 614 2774 736 2835; x_wconf 87' lang='lat' dir='ltr'><strong>latrator</strong></span> <span class='ocrx_word' id='word_1_190' title='bbox 755 2772 868 2833; x_wconf 73' lang='lat' dir='ltr'><strong>Anubis</strong></span> 
     </span>
     <span class='ocr_line' id='line_1_31' title="bbox 25 2856 894 2936; baseline -0.005 -16"><span class='ocrx_word' id='word_1_191' title='bbox 25 2867 130 2921; x_wconf 85' lang='lat' dir='ltr'><strong>contra</strong></span> <span class='ocrx_word' id='word_1_192' title='bbox 149 2860 319 2936; x_wconf 92' lang='lat' dir='ltr'><strong>Neptunum</strong></span> <span class='ocrx_word' id='word_1_193' title='bbox 341 2867 370 2919; x_wconf 90' lang='lat' dir='ltr'><strong>et</strong></span> <span class='ocrx_word' id='word_1_194' title='bbox 390 2857 534 2919; x_wconf 90' lang='lat' dir='ltr'><strong>Venerem</strong></span> <span class='ocrx_word' id='word_1_195' title='bbox 555 2867 716 2935; x_wconf 86' lang='lat' dir='ltr'><strong>contraque</strong></span> <span class='ocrx_word' id='word_1_196' title='bbox 737 2856 894 2916; x_wconf 87' lang='lat' dir='ltr'><strong>Minervam</strong></span> 
     </span>
     <span class='ocr_line' id='line_1_32' title="bbox 26 2939 813 3004; baseline -0.009 0"><span class='ocrx_word' id='word_1_197' title='bbox 26 2942 84 3004; x_wconf 92' lang='lat' dir='ltr'><strong>tela</strong></span> <span class='ocrx_word' id='word_1_198' title='bbox 106 2950 215 3000; x_wconf 87' lang='lat' dir='ltr'><strong>tenent.</strong></span> <span class='ocrx_word' id='word_1_199' title='bbox 246 2941 337 3000; x_wconf 83' lang='lat' dir='ltr'><strong>saevit</strong></span> <span class='ocrx_word' id='word_1_200' title='bbox 354 2940 450 3000; x_wconf 92' lang='lat' dir='ltr'><strong>medio</strong></span> <span class='ocrx_word' id='word_1_201' title='bbox 473 2943 502 2999; x_wconf 92' lang='lat' dir='ltr'><strong>in</strong></span> <span class='ocrx_word' id='word_1_202' title='bbox 524 2941 682 3000; x_wconf 85' lang='lat' dir='ltr'><strong>certamine</strong></span> <span class='ocrx_word' id='word_1_203' title='bbox 699 2939 813 2998; x_wconf 86' lang='lat' dir='ltr'><strong>Mavors</strong></span> 
     </span>
     <span class='ocr_line' id='line_1_33' title="bbox 27 3020 753 3099; baseline -0.006 -14"><span class='ocrx_word' id='word_1_204' title='bbox 27 3020 158 3085; x_wconf 87' lang='lat' dir='ltr'><strong>caelatus</strong></span> <span class='ocrx_word' id='word_1_205' title='bbox 180 3023 259 3083; x_wconf 87' lang='lat' dir='ltr'><strong>ferro</strong></span> <span class='ocrx_word' id='word_1_206' title='bbox 279 3023 436 3099; x_wconf 86' lang='lat' dir='ltr'><strong>tristesque</strong></span> <span class='ocrx_word' id='word_1_207' title='bbox 459 3039 494 3082; x_wconf 88' lang='lat' dir='ltr'><strong>ex</strong></span> <span class='ocrx_word' id='word_1_208' title='bbox 516 3022 635 3081; x_wconf 90' lang='lat' dir='ltr'><strong>aethere</strong></span> <span class='ocrx_word' id='word_1_209' title='bbox 656 3022 753 3089; x_wconf 83' lang='lat' dir='ltr'><strong>Dirae,</strong></span> 
     </span>
    </p>

    <p class='ocr_par' dir='ltr' id='par_1_10' title="bbox 28 3102 696 3181">
     <span class='ocr_line' id='line_1_34' title="bbox 28 3102 696 3181; baseline -0.007 -13"><span class='ocrx_word' id='word_1_210' title='bbox 28 3115 59 3168; x_wconf 89' lang='lat' dir='ltr'><strong>et</strong></span> <span class='ocrx_word' id='word_1_211' title='bbox 80 3108 168 3166; x_wconf 86' lang='lat' dir='ltr'><strong>scissa</strong></span> <span class='ocrx_word' id='word_1_212' title='bbox 187 3106 318 3181; x_wconf 90' lang='lat' dir='ltr'><strong>gaudens</strong></span> <span class='ocrx_word' id='word_1_213' title='bbox 341 3103 417 3163; x_wconf 88' lang='lat' dir='ltr'><strong>vadit</strong></span> <span class='ocrx_word' id='word_1_214' title='bbox 439 3104 590 3165; x_wconf 83' lang='lat' dir='ltr'><strong>Discordia</strong></span> <span class='ocrx_word' id='word_1_215' title='bbox 612 3102 696 3180; x_wconf 87' lang='lat' dir='ltr'><strong>palla,</strong></span> 
     </span>
    </p>

    <p class='ocr_par' dir='ltr' id='par_1_11' title="bbox 28 3184 1038 3514">
     <span class='ocr_line' id='line_1_35' title="bbox 28 3184 825 3269; baseline -0.003 -20"><span class='ocrx_word' id='word_1_216' title='bbox 28 3207 117 3269; x_wconf 91' lang='lat' dir='ltr'><strong>quam</strong></span> <span class='ocrx_word' id='word_1_217' title='bbox 139 3207 207 3249; x_wconf 88' lang='lat' dir='ltr'><strong>cum</strong></span> <span class='ocrx_word' id='word_1_218' title='bbox 227 3190 386 3266; x_wconf 90' lang='lat' dir='ltr'><strong>sanguineo</strong></span> <span class='ocrx_word' id='word_1_219' title='bbox 406 3188 538 3268; x_wconf 91' lang='lat' dir='ltr'><strong>sequitur</strong></span> <span class='ocrx_word' id='word_1_220' title='bbox 559 3186 680 3247; x_wconf 90' lang='lat' dir='ltr'><strong>Bellona</strong></span> <span class='ocrx_word' id='word_1_221' title='bbox 701 3184 825 3261; x_wconf 85' lang='lat' dir='ltr'><strong>flagello.</strong></span> 
     </span>
     <span class='ocr_line' id='line_1_36' title="bbox 30 3268 789 3349; baseline -0.008 -15"><span class='ocrx_word' id='word_1_222' title='bbox 30 3274 129 3334; x_wconf 81' lang='lat' dir='ltr'><strong>tetius</strong></span> <span class='ocrx_word' id='word_1_223' title='bbox 152 3272 225 3333; x_wconf 82' lang='lat' dir='ltr'><strong>baec</strong></span> <span class='ocrx_word' id='word_1_224' title='bbox 247 3290 372 3333; x_wconf 88' lang='lat' dir='ltr'><strong>cernens</strong></span> <span class='ocrx_word' id='word_1_225' title='bbox 393 3289 495 3332; x_wconf 80' lang='lat' dir='ltr'><strong>arcum</strong></span> <span class='ocrx_word' id='word_1_226' title='bbox 519 3269 659 3331; x_wconf 89' lang='lat' dir='ltr'><strong>tendebat</strong></span> <span class='ocrx_word' id='word_1_227' title='bbox 680 3268 789 3349; x_wconf 66' lang='lat' dir='ltr'><strong>Apollo,</strong></span> 
     </span>
     <span class='ocr_line' id='line_1_37' title="bbox 29 3353 1038 3434; baseline -0.01 -16"><span class='ocrx_word' id='word_1_228' title='bbox 29 3358 176 3434; x_wconf 89' lang='lat' dir='ltr'><strong>desuper:</strong></span> <span class='ocrx_word' id='word_1_229' title='bbox 199 3358 294 3415; x_wconf 83' lang='lat' dir='ltr'><strong>omnia</strong></span> <span class='ocrx_word' id='word_1_230' title='bbox 316 3374 351 3416; x_wconf 93' lang='lat' dir='ltr'><strong>eo</strong></span> <span class='ocrx_word' id='word_1_231' title='bbox 369 3362 485 3416; x_wconf 88' lang='lat' dir='ltr'><strong>terrore</strong></span> <span class='ocrx_word' id='word_1_232' title='bbox 506 3357 654 3434; x_wconf 74' lang='lat' dir='ltr'><strong>Aegyptus</strong></span> <span class='ocrx_word' id='word_1_233' title='bbox 677 3361 706 3414; x_wconf 90' lang='lat' dir='ltr'><strong>et</strong></span> <span class='ocrx_word' id='word_1_234' title='bbox 726 3353 799 3421; x_wconf 89' lang='lat' dir='ltr'><strong>lndl,</strong></span> <span class='ocrx_word' id='word_1_235' title='bbox 820 3398 824 3405; x_wconf 85' lang='lat'>.</span> <span class='ocrx_word' id='word_1_236' title='bbox 989 3361 1038 3409; x_wconf 78' lang='lat' dir='ltr'><strong>roo</strong></span> 
     </span>
     <span class='ocr_line' id='line_1_38' title="bbox 30 3437 779 3514; baseline -0.008 -12"><span class='ocrx_word' id='word_1_237' title='bbox 30 3441 125 3502; x_wconf 88' lang='lat' dir='ltr'><strong>omnis</strong></span> <span class='ocrx_word' id='word_1_238' title='bbox 145 3438 249 3509; x_wconf 75' lang='lat' dir='ltr'><strong>Arabs,</strong></span> <span class='ocrx_word' id='word_1_239' title='bbox 272 3456 374 3500; x_wconf 90' lang='lat' dir='ltr'><strong>omnes</strong></span> <span class='ocrx_word' id='word_1_240' title='bbox 391 3438 544 3500; x_wconf 82' lang='lat' dir='ltr'><strong>vertebant</strong></span> <span class='ocrx_word' id='word_1_241' title='bbox 562 3445 644 3514; x_wconf 88' lang='lat' dir='ltr'><strong>terga</strong></span> <span class='ocrx_word' id='word_1_242' title='bbox 666 3437 779 3499; x_wconf 89' lang='lat' dir='ltr'><strong>Sabaei.</strong></span> 
     </span>
    </p>

    <p class='ocr_par' dir='ltr' id='par_1_12' title="bbox 31 3523 632 3603">
     <span class='ocr_line' id='line_1_39' title="bbox 31 3523 632 3603; baseline -0.007 -18"><span class='ocrx_word' id='word_1_243' title='bbox 31 3540 92 3603; x_wconf 81' lang='lat' dir='ltr'><strong>ipsa</strong></span> <span class='ocrx_word' id='word_1_244' title='bbox 116 3523 267 3584; x_wconf 88' lang='lat' dir='ltr'><strong>videbatur</strong></span> <span class='ocrx_word' id='word_1_245' title='bbox 289 3524 381 3583; x_wconf 86' lang='lat' dir='ltr'><strong>ventis</strong></span> <span class='ocrx_word' id='word_1_246' title='bbox 404 3523 504 3600; x_wconf 89' lang='lat' dir='ltr'><strong>regina</strong></span> <span class='ocrx_word' id='word_1_247' title='bbox 525 3523 632 3582; x_wconf 82' lang='lat' dir='ltr'><strong>vocatis</strong></span> 
     </span>
    </p>
   </div>
   <div class='ocr_carea' id='block_1_3' title="bbox 101 3619 833 3686">
    <p class='ocr_par' dir='ltr' id='par_1_13' title="bbox 101 3619 833 3686">
     <span class='ocr_line' id='line_1_40' title="bbox 101 3619 833 3686; baseline 0.001 -12"><span class='ocrx_word' id='word_1_248' title='bbox 101 3639 235 3686; x_wconf 74' lang='lat' dir='ltr'><strong>araneos,</strong></span> <span class='ocrx_word' id='word_1_249' title='bbox 255 3636 368 3673; x_wconf 75' lang='lat' dir='ltr'><strong>vrsarn.</strong></span> <span class='ocrx_word' id='word_1_250' title='bbox 666 3673 669 3679; x_wconf 86' lang='grc'><strong>,</strong></span> <span class='ocrx_word' id='word_1_251' title='bbox 797 3619 833 3677; x_wconf 82' lang='grc'><strong>17</strong></span> 
     </span>
    </p>
   </div>
   <div class='ocr_carea' id='block_1_4' title="bbox 0 0 1265 4096">
    <p class='ocr_par' dir='ltr' id='par_1_14' title="bbox 0 0 1265 4096">
     <span class='ocr_line' id='line_1_41' title="bbox 0 0 1265 4096; baseline 0 0"><span class='ocrx_word' id='word_1_252' title='bbox 0 0 1265 4096; x_wconf 95' lang='lat' dir='ltr'><strong> </strong></span> 
     </span>
    </p>
   </div>
  </div>
 </body>
</html>
