2512 4096
529 261 628 312 critis.

64 437 170 498 magna
192 417 341 497 Giganteis
363 423 505 478 ornantur
527 416 613 496 pepla
636 417 772 496 tropaeis,

64 501 187 564 horrida
209 502 369 580 sanguineo
390 501 553 579 pinguntur
573 499 686 578 proelia
709 516 811 568 cocco;

64 585 181 647 additur
203 591 303 646 aurata
327 579 456 645 deiectus
478 582 599 661 cuspide
620 581 752 661 Typhon,

64 671 115 749 qui
135 669 232 748 prius,
256 666 372 729 Ossaeis
394 672 586 727 consternens
609 665 728 726 aethera
750 666 835 734 saxis,

63 753 199 814 Emathio
223 750 334 815 celsum
357 747 524 828 duplicabat
544 749 653 810 vertice
676 748 841 828 Olympum.

63 835 122 897 tale
144 834 216 897 deae
237 833 333 896 velum
355 832 490 895 sollemni
510 839 644 912 tempore
665 838 797 913 portanty

66 919 115 980 tall
138 926 167 979 te
189 917 310 988 vellem,
332 919 469 979 iuvenum
494 917 675 987 doctissime,
699 917 758 976 ritu

64 1018 230 1082 purpureos
251 1003 329 1062 inter
351 999 428 1062 soles
451 1005 481 1062 et
502 999 625 1061 candida
646 999 734 1061 lunae
794 1079 796 1083 Ι

65 1085 177 1156 sidera,
201 1084 343 1146 caeruleis
365 1083 468 1145 orbem
491 1079 636 1164 pulsantia
657 1082 742 1162 bigis,

65 1175 188 1229 naturae
210 1186 309 1229 rerum
332 1169 446 1246 magnis
467 1169 600 1228 intexere
623 1168 747 1229 chartis:

66 1260 219 1313 aeternum
241 1251 362 1331 sophiae
385 1252 573 1316 coniunctum
596 1250 727 1314 carmine
748 1265 856 1310 nomen

66 1342 166 1397 nostra
188 1341 270 1397 tuum
293 1333 412 1410 senibus
433 1332 603 1412 loqueretur
624 1335 731 1413 paglua
752 1330 865 1393 saeclis.

66 1418 118 1479 sed
140 1419 277 1497 quoniam
300 1418 336 1478 ad
357 1424 454 1478 tantas
476 1434 554 1478 nunc
575 1418 704 1497 primum
719 1415 867 1478 nascimur
889 1422 974 1487 artes,

66 1519 146 1562 nunc
166 1503 295 1581 primum
317 1508 435 1562 teneros
456 1501 607 1563 firmamus
628 1500 736 1563 rohore
758 1516 874 1576 nervos,
920 1531 924 1538 ·

66 1585 140 1646 haec
162 1593 260 1650 tamen
281 1587 410 1656 interea,
434 1602 507 1663 quae
529 1601 698 1664 possumus,
720 1585 752 1644 in
774 1581 881 1664 quibus
902 1585 964 1645 aevi

66 1670 162 1748 prima
183 1668 349 1730 rudimenta
371 1675 400 1729 et
419 1669 532 1747 primos
552 1669 702 1748 exegimus
724 1684 825 1738 annos,

67 1754 166 1832 accipe
189 1751 265 1813 dona
286 1769 353 1814 meo
374 1751 497 1813 multum
519 1750 635 1831 vigilata
656 1750 758 1814 labore

66 1838 287 1915 promissaeque
309 1836 359 1896 diu
379 1836 437 1896 iam
461 1835 578 1896 tandem
601 1834 720 1897 exordia
742 1832 869 1914 opellae:

67 1919 310 2000 implaprodigiis
331 1926 364 1981 ut
385 1915 534 1998 quondam
558 1919 697 1979 exterrita
719 1918 827 1978 amoris

69 2001 164 2080 Scylla
185 2020 276 2063 novos
298 2003 392 2063 avium
415 1999 548 2061 sublimis
569 2003 600 2060 in
623 2005 692 2062 1111
714 2009 815 2061 coetus

69 2084 173 2145 viderit
195 2091 224 2146 11
245 2085 326 2145 tenui
348 2083 548 2145 conscendens
570 2083 688 2145 aethera
709 2099 807 2162 penna

69 2167 213 2229 caeruleis
234 2185 286 2229 sua
308 2174 384 2227 tecta
403 2183 494 2245 super
515 2165 678 2229 volitaverit
699 2165 761 2243 alis,

69 2251 146 2316 hanc
166 2269 222 2332 pro
243 2267 392 2331 purpureo
413 2267 540 2329 poenam
562 2248 703 2311 scelerata
724 2247 837 2330 capillo,

69 2353 123 2414 pro
144 2336 239 2415 patria
261 2334 376 2396 solvens
398 2333 493 2395 excisa
514 2332 646 2395 funditus
666 2332 750 2395 urhe.

70 2417 237 2499 complures
256 2416 337 2478 illam
360 2423 389 2479 et
410 2417 524 2496 magni,
544 2415 693 2497 Messalla,
715 2423 820 2496 poetae

71 2500 148 2580 (nam
170 2518 272 2563 verum
294 2500 452 2562 fateamur:
475 2507 554 2562 amat
574 2500 763 2580 Polyhymnia
785 2500 896 2582 verum)

70 2584 157 2662 longe
178 2582 235 2645 alia
255 2581 414 2664 perhibent
435 2590 576 2645 mutatam
598 2583 732 2646 membra
746 2584 839 2663 ligura

70 2665 232 2747 Scyllaeum
254 2674 386 2730 monstro
408 2685 510 2729 saxum
531 2667 671 2729 infestare
692 2668 804 2738 voracl;

69 2749 148 2812 illam
171 2769 235 2814 esse
257 2752 406 2813 aerumnis
427 2769 514 2832 quam
536 2768 624 2831 saepe
646 2750 777 2830 legemus
798 2749 874 2813 Ulixi

70 2835 193 2895 candida
214 2837 392 2896 succinctam
414 2833 588 2896 latrantibus
608 2836 729 2913 inguina
750 2836 890 2896 monstris

69 2916 218 2978 Dulichias
238 2933 358 2977 vexasse
379 2918 510 2977 1111111
531 2919 646 2996 gurgite
667 2919 698 2976 in
720 2915 778 2978 alto

71 3000 231 3079 deprensos
252 3004 355 3058 nautas
378 2997 499 3058 canibus
520 2997 665 3060 lacerasse
687 2999 818 3060 marinis.

70 3082 121 3144 sed
143 3101 238 3163 neque
259 3081 409 3144 Maeoniae
430 3083 581 3159 patiuntur
603 3080 724 3142 credere
747 3082 865 3144 chartae

70 3183 126 3227 nee
146 3164 240 3227 malus
261 3167 385 3226 istorum
408 3163 504 3227 dubiis
526 3164 677 3227 erroribus
698 3172 810 3227 auctor.

70 3267 195 3329 namque
217 3248 287 3310 alias
309 3246 358 3309 alii
379 3247 463 3327 volgo
486 3249 597 3310 tinxere
618 3247 738 3328 puellas,

69 3351 143 3412 quae
165 3330 379 3413 Colophoniaco
402 3331 515 3412 Scyllae
537 3332 671 3395 dicantur
692 3332 830 3394 llomero.

69 3419 131 3496 ipse
154 3416 288 3478 Crataein
311 3416 352 3476 ait
372 3421 512 3485 matrem;
533 3417 587 3480 sed
608 3417 668 3478 sive
690 3416 819 3482 Crataeis

68 3502 128 3563 sive
150 3498 230 3565 illam
252 3504 417 3561 monstrum
439 3501 539 3579 genuit
560 3518 648 3579 grave
669 3500 800 3563 Echidna
822 3501 966 3575 biloemis,

137 3615 272 3665 1111111111,
291 3613 405 3652 venare.
831 3603 872 3667 24
