2512 4096
400 235 544 284 vnnolnl
565 233 689 284 nummu
712 234 739 282 11

59 401 103 454 sat
124 393 235 470 patriae
254 392 429 469 Priamoque
451 391 567 452 datum:
593 391 617 450 si
638 391 781 469 Pergama
804 389 907 451 dextra

59 475 177 539 defendi
198 483 331 554 possent,
355 477 442 536 etiam
461 475 517 536 hac
537 473 656 535 defensa
674 476 805 535 tuissent.

59 576 143 622 sacra
163 577 291 639 suosque
311 559 364 620 tibi
386 559 572 620 commendat
592 557 680 618 Troia
702 559 830 637 penatis:

59 644 114 704 hos
136 661 209 723 cape
229 643 357 704 fatorum
381 644 516 714 comites,
539 642 584 702 bis
604 644 720 704 moenia
740 660 867 722 quaere,

58 745 165 808 magna
185 735 340 806 pererrato
363 736 472 789 statues
495 745 571 805 quae
592 727 719 806 denique
737 725 853 804 ponto.'

59 813 101 874 sic
120 813 173 882 ait,
197 819 227 872 et
246 811 381 872 manibus
402 812 487 872 vittas
509 809 684 891 Vestamque
704 817 855 889 potentem

59 904 271 974 aeternumque
292 898 384 975 adytis
407 896 491 958 effert
509 893 837 972 penetralibusignem.

100 979 221 1042 diverso
240 981 353 1041 interea
369 981 530 1042 miscentur
550 980 667 1040 moenia
687 978 783 1048 luctu,

58 1072 87 1125 ct
105 1064 199 1142 magis
218 1071 306 1144 atque
325 1065 433 1144 magis,
445 1074 633 1144 'quamquam
655 1074 768 1125 secreta
789 1070 919 1140 parentis

57 1147 203 1210 Anchisae
221 1147 326 1209 domus
347 1146 563 1226 arboribusque
585 1146 700 1208 obtecta
720 1148 852 1216 recessit,

59 1230 225 1294 clarescunt
244 1237 356 1293 sonitus
376 1249 587 1309 armorumque
608 1231 718 1309 ingruit
735 1231 852 1291 horror.

58 1317 192 1378 excutior
213 1332 332 1384 somno,
353 1325 383 1377 et
404 1316 510 1377 summi
533 1314 646 1392 fastigia
667 1315 735 1375 tecti

58 1416 182 1462 ascensu
203 1416 311 1478 supero
334 1404 422 1479 atque
444 1398 567 1460 arrectis
589 1398 710 1460 auribus
731 1404 810 1458 asto:

57 1487 88 1544 in
110 1491 241 1563 segetem
261 1481 352 1545 veluti
372 1501 439 1544 cum
459 1481 576 1544 flamma
598 1481 764 1543 furentibus
788 1482 894 1544 austris

56 1567 173 1638 incidit,
196 1574 246 1628 aut
267 1567 387 1646 rapidus
408 1575 548 1628 montano
570 1567 691 1628 ssumine
713 1575 830 1628 torrens

57 1651 162 1712 sternit
182 1664 285 1730 agros,
309 1652 413 1712 sternit
431 1658 493 1712 sata
516 1651 591 1714 laeta
614 1651 780 1730 bovomque
800 1649 917 1713 labores

56 1735 290 1815 praecipitesque
311 1735 400 1797 trahit
417 1735 518 1806 silvas;
541 1743 639 1815 stupet
658 1736 768 1797 inscius
788 1733 846 1795 alto

58 1820 205 1896 accipiens
222 1821 350 1881 sonitum
371 1821 433 1881 saxi
450 1820 488 1881 de
508 1821 620 1884 vertice
641 1827 751 1898 pastor.

59 1910 121 1962 tum
141 1919 213 1963 rcro
233 1904 387 1965 manifesta
406 1905 493 1975 tides,
516 1904 707 1982 Danaumque
727 1910 881 1981 patescunt

57 1984 189 2046 insidiae.
232 1987 289 2048 iam
309 1986 453 2065 Deiphobi
475 1988 553 2048 dedit
574 1986 671 2065 ampla
693 1988 810 2046 ruinam

59 2066 188 2129 Volcano
211 2081 404 2151 ccsuperante
422 2072 539 2141 domus,
561 2072 619 2131 iam
640 2069 793 2146 proximus
813 2068 896 2128 ardet

58 2151 222 2232 henepon,
244 2155 329 2232 Sigea
350 2155 410 2231 igni
430 2155 505 2214 freta
527 2152 584 2214 lata
606 2151 750 2211 relucent.

58 2237 191 2297 exoritur
209 2235 379 2313 clamorque
399 2238 495 2296 rhum
516 2235 696 2312 clangorque
713 2233 861 2295 tubarum.

56 2337 138 2380 arma
159 2336 261 2379 amens
283 2319 383 2395 capio;
403 2335 460 2378 nec
482 2327 527 2378 sat
551 2318 674 2378 rationis
695 2317 725 2377 in
747 2319 852 2388 armis,

55 2403 108 2464 sed
131 2400 296 2480 glomerare
317 2418 437 2462 manum
459 2400 537 2464 bello
559 2410 589 2463 et
611 2418 791 2463 concurrere
811 2405 841 2463 in
864 2421 963 2465 arcem
1024 2417 1075 2470 315

56 2504 124 2548 cum
145 2485 232 2546 sociis
252 2485 358 2546 ardent
379 2487 482 2556 anime
504 2486 588 2547 furor
609 2487 713 2565 iraque
735 2494 862 2548 mentem

55 2569 264 2649 praecipitant,
285 2567 503 2650 pulchrumque
521 2571 597 2632 mori
619 2571 766 2631 succurrit
784 2572 813 2631 iu
836 2574 935 2633 armis.

97 2653 175 2715 Ecce
195 2661 294 2715 autem
317 2653 381 2715 telis
400 2655 531 2718 Panthus
553 2653 669 2733 elapsus
690 2653 862 2725 Achivom,

54 2737 185 2799 Panthus
208 2736 385 2818 Othryades,
408 2740 485 2800 arcis
505 2738 677 2818 Phoebique
695 2739 849 2808 sacerdos,

55 2839 139 2883 sacra
161 2839 251 2883 manu
272 2823 422 2901 victosque
447 2824 519 2884 deos
540 2842 722 2903 parvamque
744 2831 881 2900 nepotem
1023 2835 1074 2888 ono

55 2907 117 2984 ipse
135 2904 240 2976 trahit,
264 2923 413 2984 cursuque
434 2925 535 2968 amens
556 2908 593 2969 ad
614 2906 713 2967 limina
735 2907 836 2968 tendit.

58 2998 133 3067 ‘quo
151 3006 201 3052 res
220 3006 335 3051 summa
358 2987 439 3059 loco,
458 2990 594 3051 Panthu?
614 3007 703 3069 quam
722 2991 896 3068 prendimus
918 2991 1049 3052 arcem?

54 3074 100 3134 vix
124 3092 158 3136 ca
178 3073 256 3136 tatus
277 3091 373 3144 eram,
396 3075 506 3152 gemitu
529 3093 595 3136 cum
618 3073 685 3134 talia
706 3073 816 3135 reddit:

56 3158 149 3218 ‘venit
170 3175 284 3220 summa
307 3157 368 3218 dies
391 3165 420 3219 et
440 3156 626 3220 ineluctabile
646 3165 763 3235 tempus

54 3240 226 3302 Dardaniae.
270 3243 377 3304 fumus
398 3243 505 3312 Troes,
529 3243 585 3304 tuit
601 3241 686 3304 Ilium
708 3249 735 3302 et
757 3245 861 3322 ingens
884 3274 935 3285 -ω
1020 3255 1069 3308 ³25

55 3321 148 3402 gloria
165 3323 363 3396 Teucrorum
384 3327 465 3389 ferus
487 3328 584 3388 onmia
604 3326 735 3406 luppiter
757 3327 852 3407 Argos

54 3404 218 3487 transtulit;
239 3407 358 3470 incensa
378 3410 470 3472 Danai
491 3411 678 3472 dominantur
700 3412 730 3470 in
752 3410 835 3472 urbe.

55 3493 166 3554 arduus
188 3498 316 3551 armatos
337 3493 440 3554 mediis
461 3497 493 3555 in
510 3495 665 3556 moenibus
683 3503 782 3556 astans
809 3537 871 3553 «ἢ

825 3593 867 3655 81
