2512 4096
366 341 368 346 ,
449 287 591 335 vsaercr
606 287 730 334 acuar·
750 286 800 333 ιιι
1063 272 1123 333 335

122 446 185 506 diva
207 445 301 514 deam,
323 444 432 518 stagnis
453 458 529 521 qaae
550 442 775 517 numinibusque
798 442 913 499 sonoris

121 527 268 607 praesidet
287 527 376 604 (hunc
395 523 436 585 iili
457 541 511 586 rex
532 525 660 585 aetheris
681 523 756 583 altus
778 523 919 584 honorem
1078 530 1126 580 140

122 610 252 689 luppiter
275 618 375 688 erepta
396 626 452 687 pro
473 608 636 686 virginitate
654 606 802 685 sacracitl:

122 694 274 772 ‘nympha
298 694 387 755 decus
409 691 572 762 fluviorum,
599 692 696 752 animo
718 691 879 768 gratissima
902 699 1011 752 nostro.

121 778 178 836 scis
200 784 232 836 ut
252 784 280 837 ta
301 777 412 837 cunctis
432 793 530 842 unam,
552 790 753 854 quaecumque
772 774 890 834 Latinae

121 860 297 936 magnanimi
318 859 393 921 lovis
412 859 559 938 ingratum
579 858 738 920 ascendere
757 856 861 926 cubile,

120 942 309 1021 praetulerim
333 942 464 1021 caelique
484 941 589 1003 lubens
611 944 639 1002 in
659 948 742 1020 parte
764 940 901 1001 locarim:
1079 949 1127 999 tna

121 1026 201 1086 disca
221 1035 313 1097 tuum,
331 1045 368 1087 ne
390 1044 438 1087 me
459 1027 584 1096 incuses,
607 1026 736 1093 Iuturna,
759 1023 900 1084 dolorem.

123 1126 180 1187 qua
200 1110 259 1170 visa
282 1119 326 1171 est
345 1110 475 1170 Fortuna
494 1111 555 1188 pati
575 1124 739 1188 parcaequa
759 1106 893 1168 sinebant

122 1191 228 1251 cadere
250 1210 298 1252 res
320 1193 412 1262 Latio,
434 1192 567 1253 Turnum
586 1200 614 1253 et
634 1199 683 1251 tua
705 1193 819 1251 moenia
842 1190 916 1250 texi:

122 1291 200 1335 nunc
222 1276 355 1336 iuvenem
377 1274 529 1354 inparibus
551 1275 633 1334 rideo
657 1287 839 1334 concurrere·
856 1273 929 1341 latis,

121 1374 338 1436 parcarumque
361 1359 423 1419 dies
444 1366 474 1421 et
494 1359 536 1417 vis
557 1358 673 1418 inimica
695 1358 881 1436 propinquat.
1079 1364 1128 1415 loo

124 1457 184 1501 non
207 1458 335 1519 pugnam
357 1442 486 1520 aspicere
506 1441 582 1500 hanc
603 1439 704 1508 oculis,
728 1456 786 1499 non
807 1439 925 1500 foedera
944 1456 1073 1518 possum.

121 1530 153 1584 tu
175 1542 230 1602 pro
252 1541 393 1601 germano
414 1523 509 1602 siquid
529 1524 712 1602 praesentius
733 1522 832 1592 audes,

121 1624 229 1685 perge:
253 1607 343 1685 decet.
378 1609 477 1668 lorsan
498 1609 621 1668 miseros
642 1606 763 1666 meliora
785 1607 964 1686 sequentur!

121 1693 169 1750 aix
190 1708 232 1759 aa
255 1708 322 1751 cum
342 1690 477 1752 lacrimas
498 1689 591 1751 oculis
611 1689 732 1750 Iuturna
750 1689 881 1767 proludit

123 1782 226 1851 terque
249 1782 410 1851 quaterque
431 1789 520 1833 manu
538 1779 641 1852 pactus
663 1774 806 1852 percussit
825 1773 990 1834 honestum.
1080 1777 1128 1828 too
1220 1783 1223 1789 ·

122 1867 198 1915 ‘non
219 1855 357 1917 lacrumis
378 1857 434 1917 hoc
456 1854 585 1934 tempus'
607 1857 648 1916 ait
668 1854 803 1916 Saturnia
825 1855 911 1915 luno:

123 1938 273 2000 ‘adcelera
292 1945 321 2001 et
344 1939 472 2023 fratrem,
495 1941 585 2017 siquis
604 1938 718 2007 modus,
742 1941 822 2016 eripe
843 1940 938 2007 morti,

122 2031 172 2082 aut
194 2029 224 2082 tu
243 2022 318 2082 heila
341 2025 386 2083 cie
408 2030 641 2099 conceptumque
664 2027 767 2081 excute
789 2019 906 2080 loedus:

124 2113 226 2166 auctor
248 2123 303 2182 ego
324 2104 469 2165 audendi.'
499 2106 541 2162 sio
559 2102 709 2163 exhortata
731 2103 847 2179 reliquit

122 2189 265 2249 incertam
287 2194 317 2248 et
336 2188 411 2247 tristi
433 2187 577 2246 turbatam
598 2183 717 2245 volnere
738 2185 849 2244 mentis.

165 2271 280 2332 luterea
301 2287 397 2347 reges,
419 2269 530 2346 lugenti
553 2269 630 2328 mole
650 2268 767 2328 Latinus

123 2354 296 2433 quadriiugo
317 2353 431 2414 vehitur
453 2369 551 2422 curru,
575 2353 621 2412 cui
642 2359 774 2429 tempora
798 2351 907 2410 circum

122 2439 217 2498 aurati
237 2437 284 2498 bis
305 2456 356 2499 sex
379 2436 451 2496 radii
474 2434 611 2512 fulgentia
635 2435 764 2510 cingunt,

123 2519 199 2581 Solis
217 2521 262 2580 avi
280 2521 443 2599 specimen;
464 2518 539 2596 bigis
562 2519 583 2577 it
601 2518 719 2578 Turnus
741 2518 771 2576 in
792 2514 873 2583 albis,

122 2603 190 2664 bina
208 2621 296 2664 manu
316 2603 375 2664 lato
394 2605 526 2681 crispans
544 2600 658 2662 hastilia
677 2601 772 2668 icrro;

122 2686 191 2748 hinc
208 2696 292 2765 pater
313 2689 435 2757 deneas,
457 2686 606 2747 Romanae
628 2686 725 2762 stirpis
745 2687 837 2762 origo,

121 2771 236 2832 sidereo
260 2769 388 2847 iiagrans
410 2769 503 2847 clipeo
523 2777 551 2830 et
574 2767 747 2830 caelestibus
767 2768 864 2837 armis,

122 2860 152 2915 et
168 2855 246 2914 iuxta
268 2854 418 2923 Ascanius,
440 2869 563 2929 maguae
583 2869 651 2931 spea
670 2851 760 2913 altera
779 2852 897 2917 Romae,

122 2937 286 3014 procedunt
308 2938 418 3003 castris,
440 2952 573 3013 puraque
593 2937 623 2994 iu
644 2940 724 2995 veste
745 2933 882 2993 sacerdos

122 3019 259 3097 saetigeri
276 3018 368 3079 letum
386 3017 446 3077 suis
467 3017 670 3095 internamque
691 3014 838 3075 bidentem

122 3100 218 3165 attulit
235 3101 420 3179 admovitque
442 3117 533 3180 pecus
552 3097 743 3176 flagrantibus
764 3098 830 3157 aris.

121 3183 165 3244 illl
186 3185 222 3246 ad
244 3193 412 3263 surgentem
436 3183 569 3244 conversi
588 3182 699 3242 lumina
721 3179 812 3241 solem

123 3268 193 3329 dant
213 3267 313 3346 fruges
332 3267 467 3329 manibus
489 3265 578 3328 salsas
596 3273 626 3327 et
648 3272 780 3344 tempora
803 3264 880 3325 iarro

123 3369 236 3412 summa
258 3359 359 3412 uotarn
376 3351 524 3430 pecudum
545 3351 713 3430 paterisque
732 3347 833 3409 altaria
853 3345 953 3408 libant,

122 3444 186 3496 tum
206 3435 272 3515 pirus
291 3437 404 3497 neceas
422 3436 524 3496 stricto
545 3434 587 3496 sio
608 3451 678 3496 ense
698 3439 850 3513 precatur:

125 3526 204 3582 ‘esto
227 3536 305 3580 nunc
326 3517 376 3580 Sol
397 3519 479 3580 testis
498 3526 527 3579 et
548 3518 622 3581 haec
639 3516 709 3579 mihi
729 3516 821 3578 Terra
838 3515 962 3582 vocanti,
1035 3515 1040 3523 '
