2512 4096
422 292 565 341 venetur
588 289 790 340 esonercov
811 292 864 337 1111
1107 275 1147 338 73

136 452 165 507 et
184 443 295 525 liquida
317 453 346 507 et
367 446 474 507 durum
499 446 604 507 bacehi
626 445 771 507 domitura
793 462 937 522 saperem.

177 528 215 589 tt
236 547 326 608 quom
346 530 459 591 ineerta
479 528 577 590 volant
598 527 737 606 caeloque
760 528 891 589 examina
913 526 1026 598 ludunt,

135 618 384 691 contemnuntque
406 614 485 674 favos
507 620 536 674 et
558 612 662 688 frigida
684 608 759 672 tecta
782 610 957 690 relinquent,

96 740 99 745 -
133 693 277 756 instabilis
298 697 410 756 animos
432 695 501 757 ludo
523 694 694 774 prohibebis
716 696 802 755 inani.

133 795 189 840 nec
210 794 333 856 magnus
354 778 513 856 prohibere
528 778 632 840 labor:
655 785 687 840 tu
708 778 827 855 regibus
849 777 909 838 alas

133 860 232 940 eripe;
255 880 314 922 non
335 861 392 922 illis
415 864 567 942 quisquam
590 862 792 922 cunctantibus
813 862 902 922 altum

132 945 177 1006 ire
197 947 254 1006 iter
276 953 326 1005 aut
348 946 451 1007 castris
473 945 591 1007 audebit
611 944 719 1006 vellere
740 947 831 1023 signa.

131 1027 254 1088 invitent
276 1031 387 1090 croceis
408 1029 540 1090 halantes
562 1028 683 1089 floribus
706 1029 792 1098 horti,

131 1118 161 1173 et
183 1118 282 1173 custos
304 1113 404 1174 furum
426 1120 513 1191 atque
535 1113 629 1172 avium
653 1131 720 1172 cum
743 1112 816 1173 falce
838 1111 947 1190 saligna

130 1193 356 1272 Hellespontiaci
378 1203 473 1257 servet
495 1194 583 1257 tutela
604 1195 711 1274 Priapi.

130 1279 194 1357 ipse
216 1278 348 1358 thymum
369 1281 512 1356 pinosque
535 1280 631 1339 ferens
653 1278 858 1340 dementibus
880 1277 944 1338 altis

129 1368 207 1423 tecta
229 1368 309 1422 serat
328 1361 386 1423 late
408 1364 535 1431 circum,
559 1363 627 1440 quoi
647 1361 714 1422 talia
738 1380 839 1430 curae;

129 1446 193 1523 ipse
215 1443 317 1507 labore
339 1463 457 1507 manum
481 1446 555 1506 duro
577 1452 667 1513 terat,
690 1447 752 1522 ipse
775 1447 878 1506 feracis

131 1527 200 1606 figat
221 1530 310 1590 humo
333 1527 446 1606 plantas
470 1535 498 1590 et
519 1529 628 1589 amieos
650 1530 756 1605 inriget
776 1530 888 1589 imbris.

171 1611 266 1691 Atque
288 1613 439 1691 equidem,
463 1619 594 1673 extremo
616 1613 645 1671 ni
666 1613 724 1672 iam
746 1612 800 1672 sub
818 1614 875 1674 line
897 1613 1031 1675 laborum

128 1695 192 1755 vela
214 1695 328 1756 traham
351 1703 380 1758 et
400 1698 486 1757 terris
508 1696 641 1756 festinem
663 1695 814 1757 advertere
837 1715 964 1774 proram,

129 1777 251 1839 forsitan
275 1786 317 1850 et,
338 1781 454 1858 pinguis
476 1781 578 1839 hortos
600 1797 674 1857 quae
697 1798 767 1841 cura
790 1780 903 1841 colendi

129 1868 262 1931 ornaret,
287 1881 436 1932 canerem,
459 1863 603 1940 biferique
624 1865 734 1923 rosaria
756 1863 859 1933 Paesti,

129 1961 247 2023 quoque
268 1946 354 2006 modo
376 1948 452 2024 potis
474 1947 634 2024 gauderent
655 1946 744 2007 intiba
767 1948 835 2007 rivis

129 2033 158 2088 et
179 2028 285 2090 virides
307 2031 372 2108 apio
394 2031 489 2108 ripae,
519 2036 671 2107 tortusque
692 2048 746 2106 per
767 2029 891 2090 herbam

128 2118 277 2172 cresceret
297 2114 328 2171 in
349 2119 481 2173 ventrem
504 2113 651 2179 cucumis;
674 2129 729 2171 neo
751 2131 816 2173 sera
839 2121 1002 2173 comantem

126 2194 290 2255 narcissum
312 2203 363 2255 aut
383 2196 451 2255 flexi
473 2196 627 2267 tacuissem
649 2196 745 2254 vimen
768 2196 883 2255 acanthi

125 2276 321 2356 pallentisque
343 2277 468 2337 hederas
490 2284 519 2338 et
540 2278 663 2337 amantis
684 2276 769 2338 litora
791 2288 910 2358 myrtos.

125 2378 254 2440 namque
275 2359 330 2421 sub
354 2359 489 2421 Oebaliae
511 2362 630 2421 memini
651 2379 699 2421 me
720 2342 850 2423 turribus
872 2365 996 2435 arcis,

126 2463 183 2524 qua
205 2445 290 2523 niger
312 2450 441 2505 umectat
462 2443 594 2505 flaventia
617 2444 693 2506 culta
716 2444 864 2517 Galaesus,

126 2527 281 2607 Corycium
303 2528 409 2588 vidisse
431 2546 545 2598 senem,
569 2529 615 2588 eui
636 2547 729 2606 pauca
750 2529 843 2591 relicti

124 2611 226 2690 iugera
248 2613 327 2672 ruris
349 2618 447 2682 erant,
470 2630 525 2673 uec
548 2610 649 2672 fertilis
670 2612 718 2673 illa
740 2614 869 2676 iuvencis

124 2711 181 2755 nec
203 2695 302 2756 Cereri
324 2703 487 2795 opportuna
511 2713 594 2774 seges
615 2713 671 2757 nec
693 2699 845 2760 commoda
868 2699 993 2761 Baccho.

124 2777 173 2839 hic
195 2795 296 2839 rarum
317 2781 445 2840 tamen
437 2798 467 2840 m
489 2780 585 2840 dumis
606 2779 691 2841 holus
713 2780 838 2861 albaque
861 2785 971 2845 circum

124 2859 183 2921 11111
205 2860 406 2942 verbenasque
428 2881 566 2940 premens
587 2881 764 2942 vescumque
785 2883 912 2944 papaver

124 2961 230 3021 regum
251 2946 395 3024 aequabat
417 2964 487 3023 opes
510 2948 625 3021 animis,
656 2965 779 3025 seraque
800 2957 951 3010 revertens

124 3032 212 3088 nocte
234 3027 352 3090 domum
375 3029 497 3107 dapibus
518 3047 634 3090 mensas
655 3029 796 3089 onerabat
817 3032 961 3110 inemptis

122 3111 237 3188 primus
258 3131 326 3174 vere
346 3131 444 3173 rosam
467 3118 553 3191 atque
575 3120 714 3173 autumno
737 3131 858 3191 carpere
879 3135 973 3194 poma,

124 3199 152 3255 et
175 3211 241 3255 cum
264 3197 353 3256 tristis
374 3198 488 3274 hiemps
510 3197 667 3257 etiamnum
688 3197 797 3273 frigore
819 3215 887 3259 saxa

121 3285 277 3354 rumperet
298 3287 327 3340 et
348 3279 440 3358 glaeie
462 3298 566 3341 cursus
588 3280 717 3340 frenaret
739 3298 889 3359 aquarum,

121 3357 172 3421 ille
194 3378 308 3422 comam
329 3362 453 3423 mellis
445 3382 503 3424 ram
525 3363 664 3424 tondebat
685 3364 831 3443 hyacinthi

121 3449 263 3505 aestatem
283 3445 458 3523 increpitans
480 3466 575 3508 seram
598 3449 798 3546 zephyrosque
819 3453 968 3512 morantis.

122 3546 193 3608 orgo
216 3528 319 3608 apibus
341 3530 413 3594 tetis
427 3530 505 3590 idem
526 3538 613 3608 atque
636 3533 766 3592 examine
787 3530 879 3592 multo
