2512 4096
401 271 544 319 vunnim
566 271 691 318 AENEIS
714 273 737 316 V

59 427 107 487 rix
128 427 239 505 primos
260 426 379 504 inopina
401 427 483 504 quies
501 425 649 487 laxaverat
670 435 759 495 artus,
797 430 801 439 '

62 517 92 571 et
113 527 202 587 super
225 510 398 571 incumbens
422 527 490 570 cum
510 510 616 587 puppis
634 515 719 587 parte
740 509 853 570 revolsa

62 611 190 671 eumque
211 592 389 670 gubernaclo
407 592 531 671 liquidas
552 593 676 670 proiecit
694 594 725 653 in
745 593 839 653 undas

60 675 252 755 praecipitem
271 695 305 737 ac
326 678 421 737 socios
443 678 618 755 nequiquam
638 693 726 753 saepe
744 685 913 744 vocantem:
1025 685 1077 740 860

25 807 32 818 .
61 762 126 838 ipse
143 757 243 820 volans
259 761 354 820 tennis
376 779 408 820 se
434 759 548 821 sustulit
568 758 628 820 ales
650 760 687 819 ad
708 778 803 820 auras.

65 842 158 903 currit
179 842 235 903 iter
256 849 350 904 tutum
371 861 430 904 non
453 845 543 905 setius
564 860 693 921 aequore
710 842 810 904 classis

62 925 274 1005 promissisque
295 929 386 1006 patris
407 927 535 1006 Neptuni
555 927 687 987 interrita
704 926 807 987 iertur.

61 1011 179 1086 iamque
200 1008 273 1071 adeo
292 1010 428 1088 scopulos
450 1011 586 1071 Sirenum
608 1010 729 1070 advecta
749 1009 865 1071 subibat

62 1091 187 1153 difficilis
206 1094 354 1171 quondam
376 1092 594 1171 multorumque
613 1092 727 1154 ossibus
748 1093 829 1153 albos

62 1179 138 1252 (tum
159 1194 248 1237 rauca
270 1177 391 1238 adsiduo
412 1178 499 1254 longe
517 1179 577 1238 sale
599 1195 668 1237 saxa
690 1177 857 1252 sonabant),

62 1267 233 1338 cumpater
255 1262 360 1321 amisso
381 1261 543 1322 fluitantem
564 1278 664 1322 errare
684 1261 823 1337 magistro

62 1345 166 1413 sensit,
187 1345 298 1422 etipse
320 1351 412 1405 ratem
435 1346 585 1404 nocturnis
604 1346 681 1404 rexit
699 1345 728 1403 in
750 1343 850 1406 undis.

61 1424 152 1487 mrssta
175 1444 296 1505 gemeus
317 1447 444 1506 casuque
464 1429 592 1488 animum
614 1445 773 1487 concussus
795 1429 888 1487 amroi.

81 1529 99 1570 o
121 1511 243 1572 nimium
265 1510 345 1573 caelo
366 1521 395 1573 et
415 1510 519 1588 pelago
542 1511 650 1572 confise
674 1528 793 1579 sereno,
1023 1519 1076 1574 87⁰

61 1593 160 1655 nudus
181 1595 211 1654 in
231 1596 341 1673 ignota,
364 1594 513 1665 Palinure,
535 1593 644 1655 iacebis
662 1593 797 1654 barona'

62 1678 107 1739 sic
127 1676 206 1738 latur
225 1676 398 1749 lacrimans,
422 1678 565 1756 classique
586 1679 703 1738 inmittit
720 1676 862 1746 habenas,
1002 1679 1033 1738 Vl
1048 1688 1075 1741 t.

63 1767 93 1822 et
114 1760 232 1822 undem
253 1761 388 1825 Euboicis
409 1762 566 1823 Cumarum
586 1761 730 1823 adlabitur
752 1764 819 1822 oris.
