2512 4096
195 247 237 310 42
489 254 634 303 vnnorux
657 252 859 304 onoeoxcon
881 255 907 303 11

195 415 312 476 discere
335 430 422 491 mam
443 408 554 473 multoe
576 409 704 488 zephyro
726 408 883 472 turbentur
904 409 1050 482 harenae,

194 505 244 559 aut
266 497 318 559 ubi
340 497 463 574 navigiis
485 494 640 554 violentior
661 493 766 554 incidit
787 512 887 565 eurus,

194 600 280 643 nosse
303 587 375 659 quot
396 580 471 640 lonii
494 579 611 639 veniant
633 577 670 637 ad
692 577 779 637 litora
801 577 917 639 lluotus.

236 665 333 736 Quare
356 665 433 741 agite
455 682 473 723 o
495 663 634 742 proprios
655 662 818 739 generatim
840 661 946 722 discite
968 661 1082 735 cultus,

195 749 354 826 agricolae,
378 749 551 824 fructusque
573 746 653 806 ieros
674 743 786 806 mollite
808 742 942 815 colendo,

193 851 252 894 neu
274 848 380 910 segnes
401 833 515 893 iaceant
537 840 645 891 terrae.
682 830 763 890 iuvat
784 827 896 891 ismara
918 827 1035 891 baccho

193 934 352 977 conserere
375 924 462 993 atquc
484 913 549 975 olea
571 931 710 992 magnum
732 914 840 974 vestire
862 912 1049 975 Taburnum.

235 1000 297 1061 Nec
318 1017 389 1060 vero
412 1008 510 1059 terrae
533 997 613 1058 ferre
636 1014 738 1057 omnes
761 997 859 1057 omnia
880 1005 1017 1076 possunt.

195 1083 365 1145 iluminibus
387 1082 489 1144 salices
512 1085 674 1162 crassisque
697 1083 852 1160 paludibus
874 1083 932 1144 alni

196 1175 371 1237 nascuntur,
394 1167 509 1227 steriles
530 1168 641 1226 saxosis
661 1165 810 1227 montibus
832 1168 913 1237 crni;

195 1252 280 1311 litora
301 1253 432 1330 myrtetis
453 1250 624 1319 laetissima;
648 1249 773 1328 denique
796 1257 914 1327 apertos

195 1334 329 1395 Bacchus
351 1341 429 1394 amat
450 1333 553 1402 colles,
576 1333 741 1411 aquilonem
765 1340 793 1394 et
815 1334 924 1410 frigora
946 1336 1016 1395 taxi.

195 1417 292 1495 aspice
314 1424 343 1477 et
365 1419 502 1477 extremis
524 1417 666 1476 domitum
689 1416 849 1476 cultoribus
870 1417 974 1478 orbem

197 1516 328 1577 eoasque
354 1499 456 1559 domos
477 1499 606 1560 Arabum
628 1501 779 1577 pictosque
802 1499 945 1562 Gelonos:

198 1583 305 1642 divisae
327 1582 482 1643 arboribus
503 1584 623 1660 patriae.
661 1582 722 1642 sola
743 1583 823 1644 ludia
845 1585 962 1660 nigrum

198 1665 254 1725 lert
275 1664 439 1734 hebenum,
462 1665 531 1725 solis
553 1672 599 1725 est
620 1673 703 1726 turea
724 1668 806 1742 virga
828 1667 956 1729 Sabaeis.

198 1750 266 1827 quid
288 1748 340 1809 tibi
363 1749 483 1808 odorato
504 1749 633 1808 referam
655 1749 787 1809 sudantia
809 1749 888 1826 ligno
1031 1740 1053 1787 9

196 1831 385 1911 balsamaque
408 1838 437 1891 et
457 1831 546 1892 bacas
568 1849 685 1908 semper
707 1833 870 1893 frondentis
892 1833 1028 1894 acanthi?

196 1917 264 1993 quid
286 1933 407 1977 nemora
430 1914 605 1992 Aethiopum
627 1913 706 1975 molli
729 1917 861 1977 canentia
883 1916 962 1996 lana,

195 1999 361 2078 velleraque
383 2006 416 2059 ut
436 1998 512 2059 foliis
534 1999 689 2076 depectant
710 1999 809 2060 tenuia
832 1999 935 2069 Seres;

195 2089 245 2142 aut
267 2100 341 2161 quos
364 2081 480 2144 Oceano
501 2084 624 2160 propior
646 2084 721 2160 gerit
742 2082 823 2143 India
844 2082 937 2152 lucos,

197 2168 320 2225 extremi
343 2167 423 2226 sinus
445 2167 540 2236 orbis,
563 2166 615 2227 ubi
636 2171 706 2227 adra
727 2168 845 2226 vincere
867 2183 1015 2227 summurn

196 2248 309 2308 arboris
331 2249 403 2309 baut
423 2249 499 2310 ullae
521 2252 598 2310 iactu
619 2257 743 2327 potuere
765 2250 903 2326 sagittaei

196 2338 225 2390 et
245 2347 318 2407 gens
339 2330 387 2391 illa
410 2333 526 2410 quidem
548 2330 671 2410 su‘mptis
692 2350 752 2392 non
772 2333 858 2394 tarda
879 2333 1034 2410 pharetris.

194 2411 288 2474 Media
310 2414 368 2474 sert
390 2417 478 2475 tristis
500 2433 586 2476 sucos
608 2416 783 2494 tardumque
806 2434 941 2494 saporem

195 2496 287 2556 felicis
308 2496 390 2566 mali,
415 2516 472 2575 quo
493 2516 554 2558 non
576 2499 758 2575 praesentius
779 2498 881 2569 ullum,

194 2578 299 2656 pocula
322 2580 463 2658 siquando
485 2598 586 2642 saevae
609 2582 737 2644 iniecere
757 2600 910 2654 novercae,

194 2662 333 2723 auxilium
353 2664 432 2724 venit
453 2681 488 2723 ac
508 2663 656 2737 membris
670 2666 729 2744 agit
750 2673 812 2726 atra
833 2684 953 2728 venena.

195 2747 256 2822 ipsa
277 2748 381 2823 ingens
403 2745 490 2806 arbos
512 2747 673 2827 faciemque
695 2749 837 2810 simillima
859 2749 957 2818 lauro;

194 2836 238 2897 et,
261 2831 285 2888 si
306 2847 366 2889 non
388 2829 475 2889 alium
495 2829 553 2891 late
573 2832 694 2894 iactaret
716 2833 846 2902 odorem,

193 2911 296 2972 laurus
318 2919 396 2973 erat:
419 2912 486 2973 lolia
508 2913 579 2975 haut
600 2914 666 2976 ullis
686 2916 814 2976 labentia
835 2919 940 2987 ventis;

193 2993 248 3054 llos
270 2997 306 3056 ad
327 2997 422 3073 prima
444 3004 545 3066 tenax;
569 3001 679 3060 animas
701 3007 729 3060 et
752 2999 858 3060 olentia
879 2999 955 3060 Medi

194 3094 246 3138 ora
267 3078 366 3140 fovent
386 3078 435 3140 illo
458 3087 486 3141 et
507 3082 626 3143 senibus
647 3083 830 3143 medicantur
853 3083 973 3144 anhelis.

235 3159 294 3221 Sed
315 3181 410 3240 neque
431 3163 583 3226 Medorum
605 3166 692 3227 silvae
715 3166 853 3226 ditissimo
875 3173 954 3228 terra

193 3261 248 3304 nec
270 3245 392 3322 pulcher
414 3247 529 3326 Ganges
550 3255 638 3327 atque
661 3267 733 3310 auro
755 3249 890 3310 turbidus
912 3250 1039 3312 Hermus

193 3326 328 3390 laudibus
349 3331 447 3394 ltaliae
469 3338 597 3401 certent,
620 3348 681 3391 non
702 3331 807 3393 Bactra
829 3351 925 3412 neque
947 3333 1011 3394 lndi

194 3442 392 3458 ἡ...

193 3496 410 3574 miscueruntque
424 3503 526 3583 herbaq
536 3509 565 3557 et
578 3517 633 3556 nou
648 3501 755 3558 innoxia
770 3504 851 3560 verba
