2512 4096
301 867 341 941 r.
366 865 583 942 venerer
610 863 840 940 nuncius

229 1039 271 1131 Α
323 1040 365 1133 Ε
416 1039 463 1134 N
514 1039 558 1132 Ε
609 1038 635 1132 Ι
686 1037 733 1132 D
788 1038 830 1131 Ο
885 1037 917 1131 S

442 1210 559 1267 uteru
581 1208 712 1264 NONUS

70 1546 166 1620 Atque
187 1559 220 1600 ea
244 1541 357 1600 diversa
381 1541 497 1616 penitus
520 1539 589 1599 dum
611 1547 695 1617 parte
715 1546 866 1615 geruntur.

72 1627 139 1685 irim
163 1626 199 1683 de
218 1624 299 1700 cacis
319 1626 398 1684 misit
419 1624 555 1684 Saturnia
575 1623 648 1682 iuno

71 1711 214 1770 audacem
237 1708 273 1766 ad
296 1707 438 1768 Turnum.
469 1706 536 1767 luco
559 1712 621 1766 tum
644 1706 720 1767 forte
741 1709 870 1783 parentis

70 1792 196 1853 Pilumni
216 1791 335 1851 Turnus
357 1797 472 1851 sacrata
492 1788 567 1851 valle
588 1791 718 1850 sedehat.

70 1877 107 1936 ad
128 1893 217 1955 quem
238 1879 389 1935 sic-resec
411 1873 620 1935 Thaumantias
639 1892 691 1932 ure
714 1873 810 1931 inuita
832 1880 890 1932 est:
1066 1885 1081 1931 t

71 1959 197 2028 ‘Turne
217 1956 297 2035 quod
319 1961 431 2033 optanti
454 1959 549 2015 divom
571 1959 744 2034 promittere
767 1972 854 2013 nemu

71 2043 201 2109 auderet,
221 2039 362 2098 volvenda
384 2040 446 2098 dies
468 2057 504 2098 en
524 2038 619 2098 attulit
637 2041 724 2098 ultre.

70 2131 185 2184 deneas
201 2121 277 2183 urbe
299 2129 328 2180 et
345 2123 432 2180 sociis
454 2131 483 2179 et
503 2121 595 2180 classe
614 2121 716 2181 relicte

70 2214 188 2284 sceptra
205 2204 329 2267 Palatini
349 2204 507 2280 sedemque
529 2207 602 2280 petit
622 2205 761 2264 Euandri.

71 2309 127 2350 nec
148 2290 234 2350 satis:
257 2297 403 2348 extremas
425 2287 544 2365 Corythi
565 2290 728 2364 penetravit
749 2288 783 2347 ad
807 2288 897 2350 urbes
1051 2298 1084 2350 ld

71 2373 281 2451 Lydorumque
300 2387 421 2430 manum
443 2369 581 2430 collectos
602 2378 697 2430 armat
718 2378 849 2448 agrestis.

72 2456 142 2534 quid
165 2454 298 2516 dubitas?
319 2470 398 2514 nunc
420 2462 536 2530 tempus
557 2471 658 2531 equos,
681 2472 760 2515 nunc
780 2473 905 2533 poscere
928 2476 1041 2519 currus.

72 2557 179 2616 rumpe
200 2555 300 2598 moras
322 2538 418 2597 omnis
439 2547 469 2596 et
489 2536 606 2598 turbata
626 2540 724 2617 arripe
747 2542 861 2600 castra'

72 2625 144 2684 dixit
164 2629 193 2681 et
212 2625 242 2680 in
262 2620 376 2681 caetum
398 2624 519 2697 paribus
539 2639 571 2679 se
591 2618 707 2682 sustulit
726 2622 779 2682 aiis

70 2713 279 2783 ingentemque
297 2705 367 2779 iuga
387 2707 479 2764 secuit
499 2704 554 2766 suh
575 2706 706 2766 nubibus
726 2724 837 2768 arcum.
1054 2717 1084 2766 tu

71 2792 209 2866 adgnovit
229 2790 341 2847 iuvenis
363 2787 545 2864 duplicisque
566 2788 603 2847 ad
623 2790 720 2848 sidera
741 2790 852 2867 palmas

73 2872 199 2940 sustuht,
221 2888 256 2930 ac
275 2871 326 2928 tali
347 2869 507 2944 fugientem
528 2878 572 2929 est
591 2889 663 2930 voce
685 2882 819 2933 secutus:

73 2955 138 3023 ‘hri
157 2955 247 3013 decue
266 2952 349 3019 caeli,
372 2953 439 3026 quis
459 2961 489 3011 te
510 2952 583 3012 mihi
602 2954 732 3012 nubibus
750 2964 845 3014 actam

73 3035 177 3097 detuht
198 3039 229 3094 in
246 3034 359 3095 terras?
379 3033 458 3092 uude
477 3033 550 3093 haec
569 3041 629 3095 tam
651 3037 730 3096 clara
751 3047 872 3115 repente

72 3120 250 3197 tempestae?
270 3119 398 3178 medium
418 3116 503 3176 video
522 3116 673 3178 discedere
692 3119 805 3180 caelum
1051 3133 1084 3182 td

72 3205 255 3282 palantisque
277 3202 346 3280 poio
365 3197 473 3262 stellas.
505 3218 614 3277 sequor
634 3205 732 3263 omina
750 3213 838 3274 tanta,

73 3288 208 3363 quisquis
228 3287 258 3344 in
279 3303 360 3344 arma
381 3286 486 3345 vocas*
521 3292 549 3343 ct
568 3288 612 3344 sic
633 3287 736 3346 effatus
753 3289 791 3347 ad
811 3291 920 3352 undam

74 3372 218 3449 processit
240 3385 412 3444 summoque
435 3371 531 3428 hausit
552 3369 588 3427 de
611 3371 726 3446 gurgite
744 3370 886 3450 lymphae,

74 3453 166 3514 murita
187 3456 257 3511 dees
276 3467 373 3513 orans.
398 3455 588 3528 oneravitque
608 3453 727 3513 aethera
748 3458 831 3518 votis.

823 3557 885 3615 17·
