2512 4096
148 274 152 280 '
197 272 254 336 166
524 281 666 330 vanains
681 280 805 330 asnsrs
825 283 877 329 ιιιι

195 439 314 498 invisam
337 454 481 516 quaerens
501 454 588 516 quam
610 438 737 515 primum
760 436 936 515 abrumpere
960 435 1070 499 lucem.

194 528 256 582 tum
277 521 403 582 breviter
425 519 539 582 Barcen
559 522 704 582 nutricem
725 519 820 580 adfata
841 519 980 599 Sychaei,

195 621 321 684 namque
339 621 423 665 suam
444 605 538 683 patria
555 606 673 684 antiqua
693 605 765 664 cinis
785 612 849 665 oter
870 603 1013 665 babebat:

195 687 339 758 ‘Annam
362 706 430 750 cara
451 687 523 748 mihi
545 689 657 757 nutrix,
681 687 739 748 buc
760 688 830 749 siste
851 705 1001 757 sororem;

195 771 242 832 dic
264 789 372 850 corpus
393 778 533 850 properet
553 771 659 833 lluriali
682 787 822 849 spargere
844 770 960 851 lympha

195 862 224 916 et
245 855 373 933 pecudes
394 872 494 916 secum
517 862 545 916 et
569 861 727 916 monstrata
749 853 861 934 piacula
885 856 981 915 ducat„

194 940 236 999 sic
254 941 363 1009 veniat,
388 945 476 1018 tuque
500 941 561 1017 ipsa
582 941 630 1018 pia
653 945 719 1016 tege
739 945 872 1017 tempora
894 941 970 999 vitta.

194 1038 278 1083 saera
296 1022 355 1083 lovi
376 1022 489 1102 Stygio,
510 1024 659 1100 quaerite
681 1024 798 1101 incepta
818 1024 928 1100 paraui,

194 1107 365 1183 perficerest
385 1107 498 1167 animus
519 1107 665 1184 linemque
686 1108 828 1186 inponere
851 1107 929 1168 curis

197 1188 392 1269 Dardaniique
413 1206 519 1269 rogum
540 1191 640 1268 capitis
661 1192 832 1268 permittere
855 1189 1015 1252 llammae.'

195 1274 237 1333 sic
259 1273 306 1333 ait.
351 1273 398 1334 illa
422 1273 545 1352 gradum
567 1273 662 1334 studio
685 1273 853 1335 celebrabat
874 1274 951 1335 anili.

195 1364 224 1414 at
244 1356 356 1434 trepida
379 1365 406 1417 et
430 1359 540 1436 coeptis
559 1358 734 1419 immanibus
756 1358 844 1419 edera
865 1357 954 1429 bido,

195 1441 383 1517 sanguineam
406 1440 522 1503 volvens
543 1443 636 1503 aciem
657 1440 836 1520 maculisque
857 1445 1010 1503 trementis

194 1522 335 1584 interlusa
358 1540 448 1601 genas
471 1532 499 1587 et
519 1524 624 1604 pallida
641 1534 736 1586 morte
758 1526 869 1595 lutura,

195 1605 332 1666 interiora
355 1607 459 1667 domus
479 1609 620 1686 inrumpit
639 1608 737 1669 limina
759 1616 788 1669 et
809 1608 882 1669 altos

195 1689 364 1750 conscendit
385 1689 542 1751 furibunda
559 1709 648 1770 rogos
670 1709 828 1770 ensemque
850 1692 974 1753 recludit

194 1771 385 1842 Dardanium,
409 1790 469 1833 non
490 1773 545 1835 hos
568 1777 730 1853 quaesitum
752 1792 859 1836 munus
882 1776 911 1835 in
933 1794 1014 1837 usus.

196 1855 255 1926 bie,
279 1865 433 1935 postquam
457 1856 557 1919 iliacas
578 1863 672 1920 restes
694 1865 854 1937 notumque
877 1858 972 1919 cubile

195 1942 360 2020 conspexit,
382 1941 501 2020 paulum
523 1941 650 2002 lacrimis
667 1951 695 2004 et
716 1948 822 2004 mente·
836 1951 954 2003 morata

193 2024 384 2104 incubuitque
406 2033 471 2085 toro
494 2025 623 2105 dixitque
641 2027 795 2087 novissima
816 2026 920 2088 verba:

195 2107 312 2170 ‘dulces
334 2111 468 2181 exuviae,
491 2111 560 2172 dssm
583 2111 640 2172 iata
659 2111 789 2190 deusque
812 2110 961 2179 sinebant,

194 2193 315 2272 accipite
339 2193 415 2254 banc
434 2195 561 2255 animam
582 2212 688 2274 meque
708 2195 754 2254 iris
775 2195 912 2256 exsolvite
934 2195 1021 2254 curis.

195 2276 297 2337 viriet
320 2296 407 2356 quem
429 2278 551 2340 dederat
569 2297 688 2340 cursum
712 2280 839 2340 Fortuna
862 2280 978 2356 peregi,

194 2368 222 2420 et
244 2377 322 2421 nunc
343 2379 448 2441 magna
468 2364 525 2423 mei
546 2363 601 2424 sub
623 2368 718 2424 terras
738 2362 790 2423 ibit
810 2363 914 2440 imago.

194 2447 255 2507 ulta
278 2450 374 2509 virum
396 2465 508 2526 poenas
531 2448 652 2509 inimico
674 2465 690 2507 a
712 2448 803 2508 lratre
826 2448 935 2526 recepi,

194 2531 297 2592 urbem
320 2531 500 2611 praeclaram
523 2533 626 2601 statui,
650 2547 716 2591 mea
737 2533 854 2591 moenia
877 2529 944 2599 vldi,

195 2620 279 2689 lolix,
305 2620 362 2680 beu
382 2619 504 2678 nimium
524 2615 607 2684 lelix,
629 2617 652 2675 si
672 2614 758 2675 litora
779 2620 891 2675 tantum

195 2721 354 2782 numquam
376 2701 538 2762 Dardaniae
561 2699 723 2777 tetigissent
744 2704 844 2757 nostra
866 2695 1007 2759 carinae.'

194 2786 265 2846 dixit
288 2795 316 2845 et
335 2803 367 2844 os
385 2786 517 2862 inpressa
537 2788 602 2843 toro
624 2783 799 2843 ‘moriemur
820 2779 946 2849 inultae,

195 2869 245 2929 sed
259 2865 444 2928 moriamurz'
468 2869 507 2928 ait
528 2868 586 2927 ‘sic
607 2867 649 2927 sie
670 2867 748 2926 iuvat
768 2867 810 2927 ire
832 2864 886 2926 sub
909 2864 1038 2925 umbras.

196 2953 309 3012 hauriat
331 2952 410 3012 hunc
432 2950 524 3012 oculis
547 2952 644 3030 ignem
666 2949 793 3012 crudelis
815 2948 852 3010 ab
875 2949 932 3010 alto

197 3035 362 3104 dardanus,
387 3043 415 3096 et
435 3040 554 3096 nostrae
575 3052 676 3097 secum
699 3035 773 3096 lerat
795 3036 892 3094 omina
915 3031 1042 3094 mortis!

195 3119 321 3187 dixerat,
343 3129 430 3198 atque
452 3119 530 3180 illam
548 3118 643 3180 media
664 3120 740 3178 inter
761 3117 829 3178 talia
852 3117 930 3179 lerro

195 3201 363 3278 conlapsam
385 3203 529 3281 aspiciunt
548 3204 669 3263 comites
692 3217 850 3278 ensemque
872 3216 978 3260 cruore

194 3293 377 3362 spumantem
398 3302 572 3364 sparsasque
594 3300 708 3345 manus.
751 3284 774 3343 it
796 3282 905 3343 clamor
926 3283 961 3342 ad
984 3283 1040 3343 alta
1162 3292 1211 3347 665

196 3369 282 3436 atria;
307 3387 479 3430 concussam
501 3367 660 3428 bacchatur
684 3365 772 3426 Fama
795 3384 848 3444 per
870 3366 982 3427 urbem.

196 3451 327 3512 lamentis
347 3455 514 3531 gemituque
537 3458 565 3512 et
582 3450 708 3512 femineo
729 3448 840 3511 ululatu

196 3545 269 3599 tecta
287 3538 429 3605 fremunt,
449 3544 568 3596 resonat
585 3535 698 3612 magnis
721 3532 912 3614 plangoribus
938 3534 1052 3600 aether,
