2512 4096
179 257 239 322 218
502 266 645 316 vnnornr
670 267 795 317 anubis
811 267 861 316 vn

220 425 340 502 lamque
363 422 538 484 rubescebat
560 422 649 483 radiis
670 439 751 481 mare
770 430 797 481 et
817 421 936 482 aethere
957 419 994 482 ab
1016 419 1073 482 alto
1151 426 1185 478 ab

178 510 292 570 Aurora
313 509 343 568 in
362 507 450 567 variis
469 505 598 583 fulgebat
618 504 696 565 lutea
717 503 806 582 bigis:

179 611 246 654 cum
267 591 344 652 renti
365 607 491 669 posuere
509 590 663 667 omnisque
683 594 805 664 repente
824 587 932 648 resedit

178 676 264 737 ssatus
286 682 315 736 et
332 676 361 734 in
385 673 463 734 lento
484 671 631 733 luctantm
652 688 799 731 marmore
820 680 930 732 tonsae.

179 766 266 837 atque
287 757 335 818 hic
355 756 468 818 Aeneas
489 756 636 832 ingentem
659 773 694 815 ex
716 772 844 834 aequore
865 754 963 814 lucum

178 841 328 921 prespicit.
362 839 441 900 hune
462 840 538 900 inter
557 838 646 899 ilurio
667 836 823 898 Tiberinus
843 855 974 898 amoeno
1150 850 1184 903 30

179 923 336 987 verticibus
353 922 463 1000 rapidis
482 929 511 982 et
531 920 622 982 multa
642 921 731 981 ssavos
752 921 861 982 harena

178 1010 208 1069 in
229 1025 312 1069 mare
330 1006 505 1086 prorumpit.
539 1005 635 1065 variae
655 1006 823 1082 circumque
843 1022 990 1084 supraque

179 1091 316 1153 adsuetae
338 1090 409 1166 ripis
425 1087 559 1149 volucres
581 1096 609 1148 et
629 1088 757 1148 lluminis
779 1087 859 1147 alveo

180 1173 299 1236 aethera
321 1171 489 1234 mulcebant
510 1176 598 1232 cantu
619 1170 746 1247 lucoque
764 1170 908 1232 volabant.

180 1257 300 1318 flectere
321 1257 377 1316 lter
397 1256 482 1315 sociis
500 1260 655 1331 terraeque
675 1255 827 1315 advertere
847 1273 951 1332 proras
1152 1269 1186 1319 35

180 1344 304 1418 imperat
327 1346 356 1399 et
375 1338 468 1399 laetus
489 1337 577 1399 tlurio
600 1337 729 1399 succedit
750 1356 852 1417 opaco.

221 1423 306 1483 Nunc
328 1440 390 1500 age,
411 1423 460 1499 qui
481 1437 575 1498 reges,
597 1421 695 1490 Erato,
718 1437 793 1498 quae
812 1428 944 1500 tempora
966 1438 1075 1490 rerum,

181 1507 244 1585 quis
265 1505 347 1566 Latio
370 1505 488 1583 antiquo
510 1504 599 1565 tuerit
620 1511 721 1574 status,
744 1505 853 1565 advena
871 1504 991 1566 classem

182 1589 394 1666 cumprimum
416 1588 552 1648 Ausoniis
573 1589 718 1649 exercitus
741 1587 851 1665 appulit
872 1590 941 1663 oris,

180 1671 332 1750 expediam
354 1677 384 1731 et
402 1670 515 1748 primae
534 1670 677 1731 revocabo
698 1671 817 1731 exordia
837 1688 962 1749 pugnae.

180 1759 336 1829 meatem,
358 1761 400 1824 tu,
423 1753 496 1822 diva,
518 1771 614 1813 mone.
651 1753 745 1815 dicam
769 1753 889 1814 horrida
909 1753 994 1824 bella,

180 1838 276 1899 (licam
298 1838 375 1898 acies
396 1844 536 1914 actosque
559 1836 662 1897 animis
683 1837 713 1896 in
736 1835 839 1898 lunera
860 1855 947 1917 reges

180 1919 422 2000 Tyrrhenamque
442 1936 561 1980 manum
583 1926 732 1998 totamque
753 1919 807 1981 sub
831 1939 911 1982 arma
933 1926 1061 1983 coactam

181 2004 361 2083 llesperiam.
394 2004 487 2064 maior
508 2021 608 2064 rerum
631 2003 702 2063 mihi
723 2005 853 2064 nascitur
875 2005 957 2075 ordo,

181 2088 273 2148 maius
295 2103 368 2165 opus
388 2103 502 2148 moveo.

503 2188 556 2231 rer
576 2188 644 2231 arva
665 2171 786 2233 Latinus
806 2179 835 2233 et
856 2171 945 2232 urbes

182 2255 239 2314 iam
259 2253 357 2314 senior
379 2251 466 2330 longa
486 2251 616 2332 placidas
636 2255 667 2314 in
686 2272 758 2333 pace
780 2254 910 2332 regebat.

181 2336 262 2397 hunc
279 2335 381 2397 Fauno
401 2341 431 2396 et
449 2335 578 2416 nympha
600 2339 729 2414 genitum
752 2339 897 2400 Laurente
918 2338 1027 2400 llarioa

183 2419 350 2498 accipimus,
373 2418 475 2479 Fauno
496 2420 583 2481 Picus
604 2421 791 2500 paterisque
812 2428 966 2500 parentem

181 2512 220 2571 te,
241 2502 375 2572 Saturne,
398 2503 498 2574 reiert,
521 2510 553 2563 tu
571 2505 721 2580 sanguinis
742 2504 861 2566 ultimus
880 2512 991 2567 auctor.

181 2586 259 2647 lilius
279 2585 348 2646 huic
370 2586 429 2646 lato
449 2586 546 2646 divom
566 2586 723 2666 prolesque
744 2587 833 2649 virilis

181 2668 261 2730 nulla
282 2669 336 2729 tuit
356 2669 510 2747 primaque
530 2670 627 2729 oriens
651 2678 751 2749 erepta
770 2673 886 2732 iuventa
909 2679 962 2732 est.

182 2751 243 2813 sola
266 2752 386 2812 domum
409 2762 437 2813 et
459 2759 552 2812 tantas
575 2751 709 2814 servabat
729 2753 786 2814 itha
807 2754 900 2825 sedes,

181 2836 239 2895 iam
260 2842 374 2895 matura
396 2836 468 2905 viro,
490 2836 548 2896 iam
570 2833 664 2914 plenis
686 2835 793 2899 nubilis
815 2839 907 2898 anuis.

182 2918 265 2979 mulli
286 2916 364 2978 illam
386 2935 492 2997 magno
515 2938 531 2980 e
551 2919 633 2980 Latio
655 2927 773 2999 totaque
794 2922 932 3001 petebant

181 3002 316 3063 Ausonia.
350 3004 424 3081 petit
445 3010 511 3064 ante
532 3002 604 3063 ahos
625 3003 843 3082 pulcherrimus
863 3007 959 3066 omnis

182 3090 306 3154 burnus,
332 3085 391 3146 avis
413 3087 560 3165 atavisque
581 3095 695 3165 potens,
719 3106 806 3167 quem
826 3092 907 3168 regia
930 3093 1057 3151 coniunx

182 3167 301 3244 adiungi
323 3185 464 3244 generum
488 3173 562 3231 miro
582 3170 762 3249 properabat
781 3190 896 3241 amore;

181 3249 231 3311 sed
245 3251 331 3311 variis
351 3260 488 3329 portenta
507 3255 594 3314 deum
616 3253 780 3316 terroribus
800 3255 923 3316 obstant.

180 3332 282 3395 laurus
304 3343 367 3396 erat
387 3339 456 3397 tecti
478 3336 574 3398 medio
594 3337 624 3397 in
643 3336 840 3414 penetralibus
862 3339 935 3408 altis,

181 3434 264 3478 sacra
285 3435 398 3479 comam
414 3419 580 3498 multosque
600 3427 679 3480 metu
700 3430 813 3482 servata
829 3439 883 3500 per
901 3440 1003 3490 annos,

182 3518 270 3578 quam
290 3507 374 3587 pater
394 3504 550 3574 inventam,
571 3502 681 3582 primas
702 3522 769 3565 cum
791 3506 931 3568 conderet
951 3519 1046 3574 arces,
