2512 4096
428 280 570 328 vunsun
591 278 793 329 eucnemon
811 279 824 326 1

122 438 231 515 pingue
253 435 347 496 salum
368 433 638 513 primis'extemplc
660 453 676 494 a
698 433 847 495 mensibus
869 435 937 495 anni

123 520 214 580 fortes
235 520 382 580 invertant
402 518 492 587 tauri,
517 517 693 596 glaebasque
714 519 835 579 iacentis

122 602 325 680 pulverulenta
347 608 453 679 coquat
473 603 596 662 maturis
617 600 729 662 solibus
751 608 860 670 aestas;

122 687 198 746 atsi
219 703 278 745 non
300 687 389 746 inerit
410 682 494 745 tellus
516 685 654 755 fecunda,
678 684 733 745 sub
755 685 850 762 ipsum

121 776 273 828 arcturum
295 769 375 829 tenui
397 774 442 828 sat
464 769 519 827 erit
540 769 720 846 suspendere
742 767 839 828 sulco:

122 851 196 921 rllic,
220 851 348 911 officiant
368 851 452 911 laetis
472 869 510 912 ue
532 852 666 930 frugibus
688 851 807 920 herbae,

122 935 184 1003 hic,
207 933 336 994 sterilem
358 935 480 1011 exiguus
501 951 539 995 ne
561 935 677 996 deserat
696 953 783 994 umor
803 935 943 996 harenam

163 1017 290 1078 Alternis
310 1016 388 1078 idem
408 1025 508 1078 tensas
530 1035 646 1079 cessare
667 1017 786 1089 1111111,

123 1109 153 1162 et
173 1119 293 1178 segnem
314 1102 429 1178 patiere
449 1101 507 1161 situ
529 1101 687 1162 durescere
708 1119 860 1180 campum;

123 1192 174 1244 aut
194 1184 234 1243 ibi
256 1184 329 1244 ilava
351 1201 432 1245 seres
452 1191 564 1245 mutato
586 1185 684 1246 sidere
705 1185 794 1256 farra,

123 1267 203 1326 unde
224 1268 306 1344 prius
326 1265 436 1327 laetum
457 1266 561 1345 siliqua
583 1275 739 1346 quassante
759 1268 898 1347 legumen

123 1356 174 1409 aut
195 1350 291 1408 tenuis
312 1350 389 1409 fctus
410 1351 501 1410 viciae
520 1352 669 1430 tristisque
689 1351 782 1429 lupini

122 1431 275 1492 sustuleris
297 1432 414 1510 fragiles
435 1431 562 1493 calamos
583 1433 742 1512 silvamque
762 1441 922 1496 sonantem.

122 1516 182 1575 urit
205 1515 282 1576 enim
304 1514 355 1575 lini
377 1533 515 1594 campum
536 1534 636 1594 seges,
658 1519 719 1576 urit
740 1533 856 1588 avenae,

121 1607 212 1658 urunt
233 1599 360 1660 Lethaeo
382 1599 501 1676 perlusa
522 1616 668 1679 papavera
690 1618 809 1662 somno:

120 1682 174 1743 sed
187 1690 283 1743 tamen
306 1681 429 1743 alternis
446 1682 540 1744 facilis
560 1682 659 1754 labor,
682 1685 762 1746 arida
784 1691 896 1746 tantum

121 1783 159 1826 ne
181 1773 313 1828 saturare
334 1767 403 1827 iimo
424 1767 525 1846 pingui
547 1767 657 1845 pudeat
678 1767 739 1829 sola
760 1787 833 1830 neve

122 1851 224 1910 effetus
246 1851 375 1912 cinerem
396 1851 582 1912 immundum
600 1852 710 1913 iactare
732 1870 786 1930 per
809 1869 905 1930 agros.

120 1935 163 1993 sic
186 1951 303 2012 quoque
325 1935 442 1994 mutatis
463 1935 652 2013 requiescunt
672 1935 781 1996 felibus
802 1953 884 2003 arva;

122 2033 177 2076 nec
199 2016 277 2077 nulla
298 2018 409 2078 interca
432 2025 476 2078 est
496 2019 627 2079 inaratae
648 2020 741 2096 gratia
762 2023 869 2078 terrae.

121 2117 210 2177 saepe
232 2100 316 2160 etiam
339 2100 453 2161 steriles
473 2100 633 2161 incendere
654 2101 766 2178 proluit
787 2117 883 2176 agros,

122 2190 210 2258 atque
231 2182 325 2242 levem
346 2183 482 2260 stipulam
504 2183 715 2259 crepitantibus
736 2199 824 2243 urere
846 2181 984 2242 ilammis:

123 2265 183 2323 sive
204 2264 272 2324 inde
294 2264 423 2323 occultas
444 2268 521 2324 vires
543 2271 572 2324 et
593 2263 700 2342 pabula
721 2271 819 2326 terrae

122 2347 241 2423 pinguia
265 2347 445 2425 concipiunt,
467 2349 532 2407 sive·
548 2346 606 2408 illis
628 2365 714 2407 omne
735 2365 790 2425 per
810 2349 908 2427 ignem

123 2432 296 2508 excoquitur
317 2431 419 2489 vitium
440 2438 528 2510 atque
550 2431 658 2492 exudat
677 2431 786 2492 inutilis
807 2449 901 2502 umor,

122 2530 176 2574 seu
197 2513 297 2591 plmes
319 2511 399 2575 calor
419 2513 467 2574 ille
488 2516 548 2576 vias
570 2521 600 2575 et
621 2533 708 2576 caeca
729 2514 841 2577 relaxat
919 2585 920 2589 Ἰ

122 2598 315 2674 spiramenta,
338 2614 427 2658 novas
449 2599 545 2659 veniat
566 2616 623 2677 qua
645 2616 734 2660 sucus
755 2601 786 2660 in
807 2599 929 2668 herbas;

122 2698 176 2741 seu
198 2680 284 2741 durat
304 2682 410 2759 magis,
434 2690 462 2742 et
483 2698 572 2745 venas
593 2682 747 2760 adstringit
768 2684 884 2753 hiantis,

121 2781 160 2825 ne
181 2772 285 2825 tenues
305 2764 418 2842 pluviae
438 2766 569 2843 rapidive
590 2767 719 2843 potentia
744 2765 814 2826 solis

122 2849 220 2908 111111
241 2856 292 2908 ant
312 2847 424 2910 boreae
446 2849 626 2925 penetrabile
647 2850 741 2926 frigus
763 2848 875 2910 adurat.

123 2930 248 2992 multum
270 2931 359 2999 adeo,
381 2933 484 2991 rastris
506 2931 624 3009 glaebas
646 2933 696 3009 qui
717 2932 827 3010 frangit
846 2931 949 2993 inertis

122 3015 319 3092 vimineasque
341 3014 430 3074 trabit
450 3021 561 3083 crates,
584 3015 663 3074 iuvat
683 3032 768 3083 arva,
789 3032 886 3094 neque
908 3014 990 3075 illum

122 3097 197 3158 ssava
219 3097 307 3158 Ceres
329 3095 387 3157 alte
409 3098 586 3176 nequiquam
607 3103 720 3174 spectat
742 3095 880 3176 Olympc;

124 3188 153 3241 et
175 3182 239 3258 qui,
261 3182 410 3258 proscisso
433 3199 508 3259 quae
530 3181 650 3240 suscitat
672 3198 801 3261 aequore
820 3187 912 3259 terga,

124 3281 228 3323 rmsus
250 3266 280 3324 in
302 3264 451 3344 obliquum
473 3281 557 3326 verso
578 3265 744 3342 perrumpit
764 3271 863 3325 aratro

125 3354 299 3425 exercetque
320 3348 459 3429 frequens
480 3348 615 3410 tehurem
637 3355 724 3426 atque
746 3349 871 3428 imperat
892 3366 978 3410 arvis.
1039 3376 1043 3383 ·

126 3435 268 3516 *[umida
288 3435 411 3497 solstitia
433 3441 521 3512 atque
543 3431 656 3493 hiemes
679 3437 762 3491 crate
782 3449 918 3502 serenas,
1077 3432 1129 3484 100

125 3519 286 3600 agricolae:
308 3518 432 3580 hiberno
454 3517 612 3577 laetissima
634 3513 755 3593 pulvere
776 3514 869 3584 larra,
