2512 4096
412 245 553 293 vsaornr
575 245 701 293 annuas
717 245 752 294 vr
1016 234 1076 296 213

63 403 132 464 lelix
152 402 236 479 prole
258 405 366 463 virum:
389 401 481 480 qualis
500 400 671 479 Berecyntia
694 405 787 459 mater

63 486 207 547 inuehitur
230 502 320 547 urrru
340 484 481 563 Phrygias
501 484 603 544 turrita
623 500 677 560 per
699 482 803 552 urbes,
1027 488 1076 545 786

62 570 137 630 laeta
160 569 248 630 deum
268 575 370 647 partu,
395 575 513 628 centum
534 565 684 644 complexa
707 574 844 645 nepotes,

63 654 159 714 omnis
180 650 347 722 caehcolas,
370 652 465 711 omnis
486 667 575 728 super
598 648 655 710 alta
676 652 812 711 tenentis.

63 736 121 796 huc
140 736 270 813 geminas
292 752 371 797 nunc
391 733 476 795 llecte
498 734 588 802 acies,
610 733 686 795 hanc
704 735 802 811 aspice
823 739 940 810 gentem

62 819 269 897 Romanosque
291 826 366 881 tuos.
411 818 459 878 hic
478 816 584 878 Caesar
606 823 635 877 et
657 817 750 877 omnis
772 815 825 877 luli

63 904 232 979 progenies,
254 920 394 981 magnum
418 899 490 962 caeli
511 908 631 962 ventura
652 900 707 961 suh
729 919 823 961 axem.
1027 907 1077 964 790

62 985 110 1045 hic
136 988 195 1056 vir,
216 985 265 1057 hic
286 993 343 1055 est,
366 984 418 1045 tibi
438 1002 525 1063 mem
545 985 676 1064 promitti
695 985 810 1062 saepius
834 983 929 1050 audis,

63 1069 211 1146 Augustus
230 1069 351 1140 Caesar,
371 1068 428 1129 divi
450 1085 558 1146 genus,
581 1086 669 1129 aurea
692 1068 799 1129 condet

62 1150 178 1212 saecula
200 1154 249 1230 qui
270 1169 374 1212 rursus
396 1152 477 1213 Latio
498 1159 619 1229 regnata
638 1169 692 1228 per
714 1169 781 1211 arva

64 1236 191 1295 Saturno
212 1234 374 1312 quondam,
397 1253 487 1313 super
505 1242 534 1295 et
552 1235 742 1296 Garamantas
762 1242 791 1295 et
809 1234 896 1295 Indos

62 1319 194 1395 proteret
215 1318 371 1396 imperium
391 1317 474 1396 (iacet
497 1325 578 1378 extra
599 1318 694 1379 sidera
714 1317 813 1388 tellus,

63 1409 144 1465 extra
167 1402 236 1462 anni
253 1401 381 1478 solisque
403 1402 478 1470 rias,
501 1400 552 1461 ubi
575 1401 692 1462 caelifer
712 1400 811 1461 Atlans

63 1502 146 1544 axem
165 1503 267 1546 umero
288 1491 408 1562 torquet
429 1483 519 1546 stellis
541 1484 710 1545 ardentibus
732 1487 851 1564 aptum).

63 1567 149 1628 huius
170 1570 200 1629 in
222 1569 377 1629 adventum
399 1569 457 1629 iam
479 1586 558 1629 nunc
579 1579 608 1630 et
627 1567 728 1645 Caspia
745 1585 836 1646 regna

62 1653 210 1729 responsis
231 1653 354 1713 horrent
374 1651 471 1713 divom
495 1658 523 1713 et
544 1651 666 1713 Maeotia
687 1651 773 1713 tellus

64 1743 91 1794 et
112 1736 333 1814 septemgemini
354 1735 473 1797 turhant
494 1735 608 1816 trepida
630 1737 702 1797 ostia
724 1734 790 1797 Nili.

63 1836 117 1878 nec
133 1837 203 1880 vero
225 1819 339 1881 Alcides
358 1827 470 1881 tantum
491 1819 603 1881 telluris
623 1818 725 1890 obivit,

63 1902 157 1962 fixerit
175 1904 342 1981 aeripedem
362 1921 479 1965 cervam
498 1903 566 1965 licet
587 1910 636 1963 aut
655 1902 824 1981 Erymanthi

62 1987 174 2060 pacarit
190 2003 312 2046 nemora
335 1994 363 2047 et
383 1986 508 2047 Lernam
530 1985 728 2047 tremefecerit
750 2003 835 2052 mou,

62 2084 118 2126 nec
140 2069 190 2145 qui
209 2070 371 2146 pampineis
393 2072 485 2130 victor
505 2071 574 2146 iuga
596 2067 686 2128 llectit
707 2067 829 2128 habenis

63 2149 164 2219 Liber,
187 2167 276 2228 agens
299 2149 377 2210 celso
396 2152 490 2230 Nysae
510 2153 546 2212 do
568 2152 676 2211 vertice
697 2152 788 2228 tigris.
848 2182 851 2186 Δ

63 2240 91 2293 et
108 2231 274 2294 dubitamus
292 2234 389 2295 adhuc
405 2236 511 2295 virtute
533 2233 689 2295 extendere
710 2235 803 2304 vires,

62 2325 112 2378 aut
136 2324 231 2378 metus
251 2317 378 2378 Ausonia
396 2317 533 2396 prohibet
555 2318 714 2378 consistere
736 2316 834 2378 terrai

62 2399 127 2460 illae
146 2408 257 2471 autem,
281 2399 401 2479 paribus
424 2419 495 2481 quas
512 2401 624 2478 luigero
646 2402 741 2462 cernis
762 2403 792 2461 in
815 2402 903 2460 armis

62 2484 224 2545 concordes
244 2485 358 2545 animae
378 2503 457 2546 nunc
478 2494 506 2547 et
525 2487 594 2547 dum
614 2493 700 2547 nocte
721 2492 912 2562 premuntur.

62 2567 120 2629 heu
143 2576 283 2647 quamam
305 2569 382 2630 inter
403 2587 436 2630 se
457 2568 581 2640 hellum,
604 2571 628 2630 si
650 2568 759 2630 lumina
781 2569 854 2628 vitae

62 2652 224 2730 attigerint,
246 2660 369 2732 quantas
390 2653 466 2714 acies
485 2662 670 2733 stragemque
692 2652 825 2721 ciebunt,

62 2736 219 2813 aggeribus
242 2754 327 2799 socer
346 2735 457 2815 Alpinis
480 2747 567 2818 atque
587 2756 655 2798 arce
675 2737 806 2797 lllonoeci

62 2819 259 2890 descendens,
282 2839 372 2898 gener
393 2821 521 2883 adversis
541 2823 700 2882 instructus
722 2821 803 2880 Eois!

62 2919 114 2970 ne,
138 2905 237 2978 pueri,
260 2920 298 2963 ne
315 2911 394 2962 tanta
417 2905 519 2964 animis
541 2904 703 2966 adsuescite
724 2902 800 2964 bella

63 3000 121 3044 neu
142 2985 253 3062 patriae
274 2985 382 3045 rahdas
403 2987 562 3047 inviscera
584 2988 685 3047 vertite
704 2988 795 3057 rires;

62 3072 151 3144 tuque
172 3068 270 3144 prior,
293 3076 325 3129 tu
345 3085 450 3146 parce,
473 3085 565 3145 genus
588 3072 638 3147 qui
659 3070 741 3130 ducis
764 3067 901 3147 Olympo;

63 3152 162 3228 proice
185 3150 241 3212 tela
262 3170 366 3220 manu,
389 3153 506 3230 sanguis
527 3154 623 3214 meus!

63 3234 127 3310 quis
149 3233 253 3312 procul
272 3234 321 3297 ille
342 3245 439 3297 autem
460 3237 549 3296 ramis
570 3237 691 3314 insignis
710 3235 801 3297 olivae

63 3335 146 3377 sacra
168 3318 284 3378 ierenst
306 3337 396 3380 nosco
420 3321 507 3380 crinis
527 3321 688 3400 incanaque
709 3329 807 3381 merita

63 3403 140 3478 regis
157 3401 295 3471 Romani,
315 3404 439 3479 primam
461 3405 511 3482 qui
527 3403 641 3482 legibus
663 3405 768 3466 urbem

64 3484 209 3557 laudabit,
230 3485 354 3546 Curibus
373 3488 467 3565 parvis
488 3498 516 3548 et
537 3505 666 3568 paupere
687 3497 766 3550 terra
