<?xml version="1.0" encoding="UTF-8"?>
<!DOCTYPE html PUBLIC "-//W3C//DTD XHTML 1.0 Transitional//EN"
    "http://www.w3.org/TR/xhtml1/DTD/xhtml1-transitional.dtd">
<html xmlns="http://www.w3.org/1999/xhtml" xml:lang="en" lang="en">
 <head>
  <title>
</title>
<meta http-equiv="Content-Type" content="text/html;charset=utf-8" />
  <meta name='ocr-system' content='tesseract 3.04.00' />
  <meta name='ocr-capabilities' content='ocr_page ocr_carea ocr_par ocr_line ocrx_word'/>
</head>
<body>
  <div class='ocr_page' id='page_1' title='image "./pvergilimaronis12virggoog/pvergilimaronis12virggoog_0348.png"; bbox 0 0 2512 4096; ppageno 0'>
   <div class='ocr_carea' id='block_1_1' title="bbox 402 253 1078 318">
    <p class='ocr_par' dir='ltr' id='par_1_1' title="bbox 402 253 1078 318">
     <span class='ocr_line' id='line_1_1' title="bbox 402 253 1078 318; baseline 0.003 -3"><span class='ocrx_word' id='word_1_1' title='bbox 402 253 546 316; x_wconf 82' lang='lat' dir='ltr'>vsnomv</span> <span class='ocrx_word' id='word_1_2' title='bbox 559 266 685 316; x_wconf 71' lang='lat' dir='ltr'>esuris</span> <span class='ocrx_word' id='word_1_3' title='bbox 701 268 739 316; x_wconf 80' lang='lat' dir='ltr'>xi</span> <span class='ocrx_word' id='word_1_4' title='bbox 1018 256 1078 318; x_wconf 82' lang='grc'>317</span> 
     </span>
    </p>
   </div>
   <div class='ocr_carea' id='block_1_2' title="bbox 66 420 1077 3580">
    <p class='ocr_par' dir='ltr' id='par_1_2' title="bbox 67 420 1077 832">
     <span class='ocr_line' id='line_1_2' title="bbox 67 420 1077 498; baseline -0.001 -16"><span class='ocrx_word' id='word_1_5' title='bbox 67 422 165 482; x_wconf 88' lang='lat' dir='ltr'>amnis</span> <span class='ocrx_word' id='word_1_6' title='bbox 186 429 216 482; x_wconf 91' lang='lat' dir='ltr'>et</span> <span class='ocrx_word' id='word_1_7' title='bbox 236 421 394 482; x_wconf 89' lang='lat' dir='ltr'>lladriacas</span> <span class='ocrx_word' id='word_1_8' title='bbox 413 427 494 482; x_wconf 90' lang='lat' dir='ltr'>retro</span> <span class='ocrx_word' id='word_1_9' title='bbox 515 421 589 498; x_wconf 81' lang='lat' dir='ltr'>fugit</span> <span class='ocrx_word' id='word_1_10' title='bbox 606 420 727 480; x_wconf 78' lang='lat' dir='ltr'>Aufidus</span> <span class='ocrx_word' id='word_1_11' title='bbox 748 422 851 483; x_wconf 88' lang='lat' dir='ltr'>undas.</span> <span class='ocrx_word' id='word_1_12' title='bbox 1025 428 1077 481; x_wconf 78' lang='lat' dir='ltr'>tot</span> 
     </span>
     <span class='ocr_line' id='line_1_3' title="bbox 67 503 837 584; baseline 0.003 -21"><span class='ocrx_word' id='word_1_13' title='bbox 67 503 115 565; x_wconf 87' lang='lat' dir='ltr'>vel</span> <span class='ocrx_word' id='word_1_14' title='bbox 135 521 203 565; x_wconf 89' lang='lat' dir='ltr'>cum</span> <span class='ocrx_word' id='word_1_15' title='bbox 224 523 257 565; x_wconf 87' lang='lat' dir='ltr'>se</span> <span class='ocrx_word' id='word_1_16' title='bbox 277 504 412 583; x_wconf 88' lang='lat' dir='ltr'>pavidum</span> <span class='ocrx_word' id='word_1_17' title='bbox 437 512 539 565; x_wconf 91' lang='lat' dir='ltr'>contra</span> <span class='ocrx_word' id='word_1_18' title='bbox 557 521 621 564; x_wconf 91' lang='lat' dir='ltr'>mea</span> <span class='ocrx_word' id='word_1_19' title='bbox 639 505 735 582; x_wconf 85' lang='lat' dir='ltr'>iurgia</span> <span class='ocrx_word' id='word_1_20' title='bbox 754 506 837 584; x_wconf 79' lang='lat' dir='ltr'>fingit</span> 
     </span>
     <span class='ocr_line' id='line_1_4' title="bbox 67 587 810 649; baseline 0 -1"><span class='ocrx_word' id='word_1_21' title='bbox 67 588 187 648; x_wconf 83' lang='lat' dir='ltr'>artificis</span> <span class='ocrx_word' id='word_1_22' title='bbox 208 587 302 648; x_wconf 90' lang='lat' dir='ltr'>scelus</span> <span class='ocrx_word' id='word_1_23' title='bbox 324 596 354 648; x_wconf 91' lang='lat' dir='ltr'>et</span> <span class='ocrx_word' id='word_1_24' title='bbox 374 588 530 649; x_wconf 83' lang='lat' dir='ltr'>formidine</span> <span class='ocrx_word' id='word_1_25' title='bbox 551 589 663 649; x_wconf 82' lang='lat' dir='ltr'><strong>crimen</strong></span> <span class='ocrx_word' id='word_1_26' title='bbox 683 587 810 649; x_wconf 83' lang='lat' dir='ltr'>acerbat.</span> 
     </span>
     <span class='ocr_line' id='line_1_5' title="bbox 67 671 960 752; baseline 0.002 -20"><span class='ocrx_word' id='word_1_27' title='bbox 67 688 228 748; x_wconf 83' lang='lat' dir='ltr'><strong>numquam</strong></span> <span class='ocrx_word' id='word_1_28' title='bbox 246 672 373 747; x_wconf 90' lang='lat' dir='ltr'>animam</span> <span class='ocrx_word' id='word_1_29' title='bbox 394 671 481 732; x_wconf 87' lang='lat' dir='ltr'>talem</span> <span class='ocrx_word' id='word_1_30' title='bbox 503 671 605 732; x_wconf 83' lang='lat' dir='ltr'>dextra</span> <span class='ocrx_word' id='word_1_31' title='bbox 626 671 682 732; x_wconf 93' lang='lat' dir='ltr'>hac</span> <span class='ocrx_word' id='word_1_32' title='bbox 703 671 821 750; x_wconf 88' lang='lat' dir='ltr'>(absiste</span> <span class='ocrx_word' id='word_1_33' title='bbox 839 673 960 752; x_wconf 81' lang='lat' dir='ltr'>moveri)</span> 
     </span>
     <span class='ocr_line' id='line_1_6' title="bbox 67 754 840 832; baseline 0.006 -17"><span class='ocrx_word' id='word_1_34' title='bbox 67 756 200 816; x_wconf 85' lang='lat' dir='ltr'>amittes:</span> <span class='ocrx_word' id='word_1_35' title='bbox 223 754 334 816; x_wconf 89' lang='lat' dir='ltr'>habitet</span> <span class='ocrx_word' id='word_1_36' title='bbox 353 761 452 816; x_wconf 93' lang='lat' dir='ltr'>tecum</span> <span class='ocrx_word' id='word_1_37' title='bbox 474 762 503 815; x_wconf 91' lang='lat' dir='ltr'>et</span> <span class='ocrx_word' id='word_1_38' title='bbox 524 756 562 814; x_wconf 91' lang='lat' dir='ltr'>sit</span> <span class='ocrx_word' id='word_1_39' title='bbox 580 761 701 832; x_wconf 75' lang='lat' dir='ltr'>pectore</span> <span class='ocrx_word' id='word_1_40' title='bbox 721 756 753 815; x_wconf 91' lang='lat' dir='ltr'>ln</span> <span class='ocrx_word' id='word_1_41' title='bbox 773 757 840 820; x_wconf 86' lang='lat' dir='ltr'>isto.</span> 
     </span>
    </p>

    <p class='ocr_par' dir='ltr' id='par_1_3' title="bbox 66 837 978 1001">
     <span class='ocr_line' id='line_1_7' title="bbox 66 837 978 917; baseline 0.001 -19"><span class='ocrx_word' id='word_1_42' title='bbox 66 855 148 898; x_wconf 91' lang='lat' dir='ltr'>nunc</span> <span class='ocrx_word' id='word_1_43' title='bbox 170 837 206 898; x_wconf 91' lang='lat' dir='ltr'>ad</span> <span class='ocrx_word' id='word_1_44' title='bbox 229 845 258 899; x_wconf 87' lang='lat' dir='ltr'>te</span> <span class='ocrx_word' id='word_1_45' title='bbox 279 844 309 899; x_wconf 89' lang='lat' dir='ltr'>et</span> <span class='ocrx_word' id='word_1_46' title='bbox 328 846 378 898; x_wconf 90' lang='lat' dir='ltr'>tua</span> <span class='ocrx_word' id='word_1_47' title='bbox 401 856 515 917; x_wconf 84' lang='lat' dir='ltr'>magna,</span> <span class='ocrx_word' id='word_1_48' title='bbox 537 845 630 916; x_wconf 85' lang='lat' dir='ltr'>pater,</span> <span class='ocrx_word' id='word_1_49' title='bbox 653 837 785 899; x_wconf 90' lang='lat' dir='ltr'>consulta</span> <span class='ocrx_word' id='word_1_50' title='bbox 808 847 950 900; x_wconf 88' lang='lat' dir='ltr'>revertor.</span> <span class='ocrx_word' id='word_1_51' title='bbox 964 855 978 875; x_wconf 83' lang='lat'><strong>·</strong></span> 
     </span>
     <span class='ocr_line' id='line_1_8' title="bbox 66 919 832 1001; baseline 0.003 -21"><span class='ocrx_word' id='word_1_52' title='bbox 66 921 93 980; x_wconf 85' lang='lat' dir='ltr'>si</span> <span class='ocrx_word' id='word_1_53' title='bbox 112 919 223 981; x_wconf 91' lang='lat' dir='ltr'>nullam</span> <span class='ocrx_word' id='word_1_54' title='bbox 245 924 352 981; x_wconf 89' lang='lat' dir='ltr'>nostris</span> <span class='ocrx_word' id='word_1_55' title='bbox 372 921 448 983; x_wconf 89' lang='lat' dir='ltr'>ultra</span> <span class='ocrx_word' id='word_1_56' title='bbox 470 939 553 1001; x_wconf 91' lang='lat' dir='ltr'>spem</span> <span class='ocrx_word' id='word_1_57' title='bbox 575 922 658 999; x_wconf 89' lang='lat' dir='ltr'>ponis</span> <span class='ocrx_word' id='word_1_58' title='bbox 679 923 709 982; x_wconf 93' lang='lat' dir='ltr'>in</span> <span class='ocrx_word' id='word_1_59' title='bbox 733 923 832 992; x_wconf 89' lang='lat' dir='ltr'>armis,</span> 
     </span>
    </p>

    <p class='ocr_par' dir='ltr' id='par_1_4' title="bbox 66 1004 946 1752">
     <span class='ocr_line' id='line_1_9' title="bbox 67 1004 828 1082; baseline 0.001 -18"><span class='ocrx_word' id='word_1_60' title='bbox 67 1005 93 1065; x_wconf 88' lang='lat' dir='ltr'>si</span> <span class='ocrx_word' id='word_1_61' title='bbox 112 1011 173 1064; x_wconf 86' lang='lat' dir='ltr'>tam</span> <span class='ocrx_word' id='word_1_62' title='bbox 195 1005 303 1066; x_wconf 79' lang='lat' dir='ltr'>deserti</span> <span class='ocrx_word' id='word_1_63' title='bbox 322 1022 424 1066; x_wconf 90' lang='lat' dir='ltr'>sumus</span> <span class='ocrx_word' id='word_1_64' title='bbox 445 1013 474 1066; x_wconf 92' lang='lat' dir='ltr'>et</span> <span class='ocrx_word' id='word_1_65' title='bbox 495 1004 586 1066; x_wconf 90' lang='lat' dir='ltr'>semel</span> <span class='ocrx_word' id='word_1_66' title='bbox 608 1006 723 1082; x_wconf 76' lang='lat' dir='ltr'>agmine</span> <span class='ocrx_word' id='word_1_67' title='bbox 743 1023 828 1067; x_wconf 88' lang='lat' dir='ltr'>verso</span> 
     </span>
     <span class='ocr_line' id='line_1_10' title="bbox 66 1086 946 1167; baseline 0.003 -20"><span class='ocrx_word' id='word_1_68' title='bbox 66 1086 198 1148; x_wconf 90' lang='lat' dir='ltr'>lunditus</span> <span class='ocrx_word' id='word_1_69' title='bbox 216 1088 375 1149; x_wconf 91' lang='lat' dir='ltr'>occidimus</span> <span class='ocrx_word' id='word_1_70' title='bbox 395 1106 492 1167; x_wconf 91' lang='lat' dir='ltr'>neque</span> <span class='ocrx_word' id='word_1_71' title='bbox 510 1087 601 1149; x_wconf 90' lang='lat' dir='ltr'>babet</span> <span class='ocrx_word' id='word_1_72' title='bbox 619 1088 750 1150; x_wconf 82' lang='lat' dir='ltr'>Fortuna</span> <span class='ocrx_word' id='word_1_73' title='bbox 769 1105 946 1167; x_wconf 79' lang='lat' dir='ltr'>regressum,</span> 
     </span>
     <span class='ocr_line' id='line_1_11' title="bbox 67 1171 803 1249; baseline 0.004 -20"><span class='ocrx_word' id='word_1_74' title='bbox 67 1186 188 1230; x_wconf 90' lang='lat' dir='ltr'>oremus</span> <span class='ocrx_word' id='word_1_75' title='bbox 209 1188 312 1249; x_wconf 89' lang='lat' dir='ltr'>pacem</span> <span class='ocrx_word' id='word_1_76' title='bbox 333 1179 363 1231; x_wconf 91' lang='lat' dir='ltr'>et</span> <span class='ocrx_word' id='word_1_77' title='bbox 384 1171 501 1232; x_wconf 81' lang='lat' dir='ltr'>dextras</span> <span class='ocrx_word' id='word_1_78' title='bbox 521 1171 675 1232; x_wconf 90' lang='lat' dir='ltr'>tendamus</span> <span class='ocrx_word' id='word_1_79' title='bbox 692 1173 803 1232; x_wconf 86' lang='lat' dir='ltr'>inertis.</span> 
     </span>
     <span class='ocr_line' id='line_1_12' title="bbox 68 1254 929 1332; baseline 0.003 -20"><span class='ocrx_word' id='word_1_80' title='bbox 68 1270 247 1330; x_wconf 90' lang='lat' dir='ltr'>quamquam</span> <span class='ocrx_word' id='word_1_81' title='bbox 267 1271 294 1324; x_wconf 89' lang='lat' dir='ltr'>o,</span> <span class='ocrx_word' id='word_1_82' title='bbox 317 1255 341 1315; x_wconf 92' lang='lat' dir='ltr'>si</span> <span class='ocrx_word' id='word_1_83' title='bbox 362 1254 464 1314; x_wconf 89' lang='lat' dir='ltr'>solitae</span> <span class='ocrx_word' id='word_1_84' title='bbox 486 1255 644 1332; x_wconf 87' lang='lat' dir='ltr'>quicquam</span> <span class='ocrx_word' id='word_1_85' title='bbox 665 1256 779 1316; x_wconf 88' lang='lat' dir='ltr'>virtutis</span> <span class='ocrx_word' id='word_1_86' title='bbox 800 1254 929 1316; x_wconf 79' lang='lat' dir='ltr'>adesset!</span> 
     </span>
     <span class='ocr_line' id='line_1_13' title="bbox 66 1335 786 1415; baseline 0.004 -19"><span class='ocrx_word' id='word_1_87' title='bbox 66 1335 117 1396; x_wconf 90' lang='lat' dir='ltr'>ille</span> <span class='ocrx_word' id='word_1_88' title='bbox 135 1337 207 1395; x_wconf 90' lang='lat' dir='ltr'>mibi</span> <span class='ocrx_word' id='word_1_89' title='bbox 226 1345 293 1398; x_wconf 87' lang='lat' dir='ltr'>ante</span> <span class='ocrx_word' id='word_1_90' title='bbox 313 1336 386 1398; x_wconf 87' lang='lat' dir='ltr'>alios</span> <span class='ocrx_word' id='word_1_91' title='bbox 407 1338 629 1415; x_wconf 81' lang='lat' dir='ltr'>fortunatusque</span> <span class='ocrx_word' id='word_1_92' title='bbox 649 1336 786 1399; x_wconf 87' lang='lat' dir='ltr'>laborum</span> 
     </span>
     <span class='ocr_line' id='line_1_14' title="bbox 67 1419 806 1500; baseline 0.004 -21"><span class='ocrx_word' id='word_1_93' title='bbox 67 1420 261 1497; x_wconf 78' lang='lat' dir='ltr'>egregiusque</span> <span class='ocrx_word' id='word_1_94' title='bbox 283 1421 380 1491; x_wconf 82' lang='lat' dir='ltr'>animi,</span> <span class='ocrx_word' id='word_1_95' title='bbox 403 1421 461 1500; x_wconf 86' lang='lat' dir='ltr'>qui,</span> <span class='ocrx_word' id='word_1_96' title='bbox 481 1421 588 1498; x_wconf 89' lang='lat' dir='ltr'>nequid</span> <span class='ocrx_word' id='word_1_97' title='bbox 607 1419 664 1481; x_wconf 87' lang='lat' dir='ltr'>tale</span> <span class='ocrx_word' id='word_1_98' title='bbox 686 1421 806 1491; x_wconf 88' lang='lat' dir='ltr'>videret,</span> 
     </span>
     <span class='ocr_line' id='line_1_15' title="bbox 66 1501 934 1582; baseline 0.005 -20"><span class='ocrx_word' id='word_1_99' title='bbox 66 1501 226 1582; x_wconf 77' lang='lat' dir='ltr'>procubuit</span> <span class='ocrx_word' id='word_1_100' title='bbox 246 1505 375 1564; x_wconf 91' lang='lat' dir='ltr'>moriens</span> <span class='ocrx_word' id='word_1_101' title='bbox 399 1512 428 1565; x_wconf 90' lang='lat' dir='ltr'>et</span> <span class='ocrx_word' id='word_1_102' title='bbox 444 1503 567 1564; x_wconf 90' lang='lat' dir='ltr'>humum</span> <span class='ocrx_word' id='word_1_103' title='bbox 588 1503 675 1565; x_wconf 91' lang='lat' dir='ltr'>simul</span> <span class='ocrx_word' id='word_1_104' title='bbox 696 1522 749 1566; x_wconf 89' lang='lat' dir='ltr'>ore</span> <span class='ocrx_word' id='word_1_105' title='bbox 769 1505 934 1568; x_wconf 86' lang='lat' dir='ltr'>memordit.</span> 
     </span>
     <span class='ocr_line' id='line_1_16' title="bbox 67 1586 809 1665; baseline 0.008 -20"><span class='ocrx_word' id='word_1_106' title='bbox 67 1586 114 1645; x_wconf 90' lang='lat' dir='ltr'>sin</span> <span class='ocrx_word' id='word_1_107' title='bbox 136 1593 166 1645; x_wconf 91' lang='lat' dir='ltr'>et</span> <span class='ocrx_word' id='word_1_108' title='bbox 187 1603 257 1665; x_wconf 91' lang='lat' dir='ltr'>opes</span> <span class='ocrx_word' id='word_1_109' title='bbox 276 1587 362 1647; x_wconf 90' lang='lat' dir='ltr'>nobis</span> <span class='ocrx_word' id='word_1_110' title='bbox 382 1594 411 1649; x_wconf 93' lang='lat' dir='ltr'>et</span> <span class='ocrx_word' id='word_1_111' title='bbox 431 1587 527 1648; x_wconf 88' lang='lat' dir='ltr'>adbuc</span> <span class='ocrx_word' id='word_1_112' title='bbox 548 1588 655 1648; x_wconf 84' lang='lat' dir='ltr'>intacta</span> <span class='ocrx_word' id='word_1_113' title='bbox 675 1589 809 1651; x_wconf 88' lang='lat' dir='ltr'>iuventus</span> 
     </span>
     <span class='ocr_line' id='line_1_17' title="bbox 67 1667 816 1752; baseline 0.003 -22"><span class='ocrx_word' id='word_1_114' title='bbox 67 1667 235 1745; x_wconf 85' lang='lat' dir='ltr'>auxilioque</span> <span class='ocrx_word' id='word_1_115' title='bbox 257 1670 348 1732; x_wconf 90' lang='lat' dir='ltr'>urbes</span> <span class='ocrx_word' id='word_1_116' title='bbox 365 1670 453 1732; x_wconf 87' lang='lat' dir='ltr'>italae</span> <span class='ocrx_word' id='word_1_117' title='bbox 471 1669 630 1750; x_wconf 82' lang='lat' dir='ltr'>populique</span> <span class='ocrx_word' id='word_1_118' title='bbox 648 1680 816 1752; x_wconf 85' lang='lat' dir='ltr'>supersunt,</span> 
     </span>
    </p>

    <p class='ocr_par' dir='ltr' id='par_1_5' title="bbox 67 1752 733 1832">
     <span class='ocr_line' id='line_1_18' title="bbox 67 1752 733 1832; baseline 0.005 -19"><span class='ocrx_word' id='word_1_119' title='bbox 67 1753 114 1813; x_wconf 87' lang='lat' dir='ltr'>siu</span> <span class='ocrx_word' id='word_1_120' title='bbox 138 1759 167 1812; x_wconf 92' lang='lat' dir='ltr'>et</span> <span class='ocrx_word' id='word_1_121' title='bbox 188 1752 321 1814; x_wconf 83' lang='lat' dir='ltr'>Troianis</span> <span class='ocrx_word' id='word_1_122' title='bbox 341 1773 409 1816; x_wconf 92' lang='lat' dir='ltr'>cum</span> <span class='ocrx_word' id='word_1_123' title='bbox 428 1753 519 1815; x_wconf 91' lang='lat' dir='ltr'>multo</span> <span class='ocrx_word' id='word_1_124' title='bbox 541 1755 633 1832; x_wconf 81' lang='lat' dir='ltr'>gioria</span> <span class='ocrx_word' id='word_1_125' title='bbox 654 1758 733 1818; x_wconf 88' lang='lat' dir='ltr'>venit</span> 
     </span>
    </p>

    <p class='ocr_par' dir='ltr' id='par_1_6' title="bbox 66 1836 921 2166">
     <span class='ocr_line' id='line_1_19' title="bbox 67 1836 907 1919; baseline 0.002 -22"><span class='ocrx_word' id='word_1_126' title='bbox 67 1838 211 1912; x_wconf 74' lang='lat' dir='ltr'>sanguine</span> <span class='ocrx_word' id='word_1_127' title='bbox 232 1836 310 1913; x_wconf 86' lang='lat' dir='ltr'>(sunt</span> <span class='ocrx_word' id='word_1_128' title='bbox 329 1837 385 1898; x_wconf 92' lang='lat' dir='ltr'>illis</span> <span class='ocrx_word' id='word_1_129' title='bbox 407 1856 460 1899; x_wconf 91' lang='lat' dir='ltr'>sua</span> <span class='ocrx_word' id='word_1_130' title='bbox 482 1838 585 1899; x_wconf 89' lang='lat' dir='ltr'>lunera</span> <span class='ocrx_word' id='word_1_131' title='bbox 606 1856 717 1919; x_wconf 90' lang='lat' dir='ltr'>parque</span> <span class='ocrx_word' id='word_1_132' title='bbox 738 1858 793 1919; x_wconf 88' lang='lat' dir='ltr'>per</span> <span class='ocrx_word' id='word_1_133' title='bbox 812 1840 907 1900; x_wconf 89' lang='lat' dir='ltr'>omnis</span> 
     </span>
     <span class='ocr_line' id='line_1_20' title="bbox 66 1920 789 2001; baseline 0.003 -20"><span class='ocrx_word' id='word_1_134' title='bbox 66 1920 251 2000; x_wconf 81' lang='lat' dir='ltr'>tempestas):</span> <span class='ocrx_word' id='word_1_135' title='bbox 273 1938 326 1981; x_wconf 86' lang='lat' dir='ltr'>cur</span> <span class='ocrx_word' id='word_1_136' title='bbox 347 1922 501 1983; x_wconf 89' lang='lat' dir='ltr'>indecores</span> <span class='ocrx_word' id='word_1_137' title='bbox 522 1922 554 1981; x_wconf 91' lang='lat' dir='ltr'>in</span> <span class='ocrx_word' id='word_1_138' title='bbox 572 1921 673 1982; x_wconf 88' lang='lat' dir='ltr'>limine</span> <span class='ocrx_word' id='word_1_139' title='bbox 693 1924 789 2001; x_wconf 90' lang='lat' dir='ltr'>primo</span> 
     </span>
     <span class='ocr_line' id='line_1_21' title="bbox 67 2001 921 2082; baseline 0.004 -21"><span class='ocrx_word' id='word_1_140' title='bbox 67 2001 235 2062; x_wconf 70' lang='lat' dir='ltr'>deficimus?</span> <span class='ocrx_word' id='word_1_141' title='bbox 257 2020 310 2063; x_wconf 92' lang='lat' dir='ltr'>cur</span> <span class='ocrx_word' id='word_1_142' title='bbox 331 2014 399 2065; x_wconf 88' lang='lat' dir='ltr'>ante</span> <span class='ocrx_word' id='word_1_143' title='bbox 419 2004 521 2064; x_wconf 90' lang='lat' dir='ltr'>tubam</span> <span class='ocrx_word' id='word_1_144' title='bbox 541 2011 654 2064; x_wconf 88' lang='lat' dir='ltr'>tremor</span> <span class='ocrx_word' id='word_1_145' title='bbox 676 2015 802 2082; x_wconf 92' lang='lat' dir='ltr'>occupat</span> <span class='ocrx_word' id='word_1_146' title='bbox 823 2004 921 2066; x_wconf 81' lang='lat' dir='ltr'>artusi</span> 
     </span>
     <span class='ocr_line' id='line_1_22' title="bbox 67 2083 766 2166; baseline 0.004 -20"><span class='ocrx_word' id='word_1_147' title='bbox 67 2083 159 2146; x_wconf 89' lang='lat' dir='ltr'>multa</span> <span class='ocrx_word' id='word_1_148' title='bbox 180 2084 242 2145; x_wconf 92' lang='lat' dir='ltr'>dies</span> <span class='ocrx_word' id='word_1_149' title='bbox 260 2087 415 2166; x_wconf 89' lang='lat' dir='ltr'>variusque</span> <span class='ocrx_word' id='word_1_150' title='bbox 434 2086 518 2147; x_wconf 91' lang='lat' dir='ltr'>labor</span> <span class='ocrx_word' id='word_1_151' title='bbox 536 2087 682 2147; x_wconf 90' lang='lat' dir='ltr'>mutabilis</span> <span class='ocrx_word' id='word_1_152' title='bbox 703 2092 766 2149; x_wconf 87' lang='lat' dir='ltr'>aevi</span> 
     </span>
    </p>

    <p class='ocr_par' dir='ltr' id='par_1_7' title="bbox 67 2167 780 2239">
     <span class='ocr_line' id='line_1_23' title="bbox 67 2167 780 2239; baseline 0.004 -10"><span class='ocrx_word' id='word_1_153' title='bbox 67 2167 179 2229; x_wconf 88' lang='lat' dir='ltr'>rettulit</span> <span class='ocrx_word' id='word_1_154' title='bbox 200 2169 230 2227; x_wconf 93' lang='lat' dir='ltr'>in</span> <span class='ocrx_word' id='word_1_155' title='bbox 253 2167 366 2239; x_wconf 84' lang='lat' dir='ltr'>melius,</span> <span class='ocrx_word' id='word_1_156' title='bbox 388 2168 496 2229; x_wconf 91' lang='lat' dir='ltr'>multos</span> <span class='ocrx_word' id='word_1_157' title='bbox 518 2168 630 2231; x_wconf 89' lang='lat' dir='ltr'>alterna</span> <span class='ocrx_word' id='word_1_158' title='bbox 650 2172 780 2232; x_wconf 85' lang='lat' dir='ltr'>revisens</span> 
     </span>
    </p>

    <p class='ocr_par' dir='ltr' id='par_1_8' title="bbox 67 2249 763 2316">
     <span class='ocr_line' id='line_1_24' title="bbox 67 2249 763 2316; baseline 0.003 -4"><span class='ocrx_word' id='word_1_159' title='bbox 67 2249 138 2312; x_wconf 88' lang='lat' dir='ltr'>lusit</span> <span class='ocrx_word' id='word_1_160' title='bbox 157 2260 187 2312; x_wconf 90' lang='lat' dir='ltr'>et</span> <span class='ocrx_word' id='word_1_161' title='bbox 206 2252 236 2311; x_wconf 93' lang='lat' dir='ltr'>in</span> <span class='ocrx_word' id='word_1_162' title='bbox 258 2250 352 2311; x_wconf 91' lang='lat' dir='ltr'>solido</span> <span class='ocrx_word' id='word_1_163' title='bbox 374 2269 478 2312; x_wconf 91' lang='lat' dir='ltr'>rursus</span> <span class='ocrx_word' id='word_1_164' title='bbox 500 2252 629 2313; x_wconf 81' lang='lat' dir='ltr'>Fortuna</span> <span class='ocrx_word' id='word_1_165' title='bbox 650 2253 763 2316; x_wconf 92' lang='lat' dir='ltr'>locavit.</span> 
     </span>
    </p>

    <p class='ocr_par' dir='ltr' id='par_1_9' title="bbox 67 2334 738 2417">
     <span class='ocr_line' id='line_1_25' title="bbox 67 2334 738 2417; baseline 0.004 -22"><span class='ocrx_word' id='word_1_166' title='bbox 67 2351 127 2395; x_wconf 89' lang='lat' dir='ltr'>non</span> <span class='ocrx_word' id='word_1_167' title='bbox 150 2335 205 2396; x_wconf 90' lang='lat' dir='ltr'>erit</span> <span class='ocrx_word' id='word_1_168' title='bbox 226 2334 333 2396; x_wconf 82' lang='lat' dir='ltr'>auxilio</span> <span class='ocrx_word' id='word_1_169' title='bbox 356 2335 441 2395; x_wconf 88' lang='lat' dir='ltr'>nobis</span> <span class='ocrx_word' id='word_1_170' title='bbox 461 2335 579 2397; x_wconf 81' lang='lat' dir='ltr'>Aetolus</span> <span class='ocrx_word' id='word_1_171' title='bbox 602 2345 630 2397; x_wconf 90' lang='lat' dir='ltr'>et</span> <span class='ocrx_word' id='word_1_172' title='bbox 651 2339 738 2417; x_wconf 77' lang='lat' dir='ltr'>Arpi:</span> 
     </span>
    </p>

    <p class='ocr_par' dir='ltr' id='par_1_10' title="bbox 67 2419 832 2502">
     <span class='ocr_line' id='line_1_26' title="bbox 67 2419 832 2502; baseline 0.007 -23"><span class='ocrx_word' id='word_1_173' title='bbox 67 2425 98 2479; x_wconf 86' lang='lat' dir='ltr'>at</span> <span class='ocrx_word' id='word_1_174' title='bbox 119 2419 268 2497; x_wconf 87' lang='lat' dir='ltr'>Messapus</span> <span class='ocrx_word' id='word_1_175' title='bbox 291 2421 347 2478; x_wconf 88' lang='lat' dir='ltr'>erit</span> <span class='ocrx_word' id='word_1_176' title='bbox 367 2419 495 2498; x_wconf 80' lang='lat' dir='ltr'>felixque</span> <span class='ocrx_word' id='word_1_177' title='bbox 516 2419 688 2483; x_wconf 81' lang='lat' dir='ltr'>Tolumnius</span> <span class='ocrx_word' id='word_1_178' title='bbox 710 2431 739 2483; x_wconf 91' lang='lat' dir='ltr'>et</span> <span class='ocrx_word' id='word_1_179' title='bbox 759 2441 832 2502; x_wconf 90' lang='lat' dir='ltr'>quos</span> 
     </span>
    </p>

    <p class='ocr_par' dir='ltr' id='par_1_11' title="bbox 66 2501 826 2586">
     <span class='ocr_line' id='line_1_27' title="bbox 66 2501 826 2586; baseline 0.008 -24"><span class='ocrx_word' id='word_1_180' title='bbox 66 2509 111 2562; x_wconf 91' lang='lat' dir='ltr'>tot</span> <span class='ocrx_word' id='word_1_181' title='bbox 129 2501 231 2579; x_wconf 92' lang='lat' dir='ltr'>populi</span> <span class='ocrx_word' id='word_1_182' title='bbox 252 2503 360 2564; x_wconf 90' lang='lat' dir='ltr'>misere</span> <span class='ocrx_word' id='word_1_183' title='bbox 377 2505 476 2574; x_wconf 85' lang='lat' dir='ltr'>duces,</span> <span class='ocrx_word' id='word_1_184' title='bbox 499 2521 554 2564; x_wconf 90' lang='lat' dir='ltr'>nec</span> <span class='ocrx_word' id='word_1_185' title='bbox 575 2522 665 2581; x_wconf 86' lang='lat' dir='ltr'>parva</span> <span class='ocrx_word' id='word_1_186' title='bbox 686 2514 826 2586; x_wconf 89' lang='lat' dir='ltr'>sequetur</span> 
     </span>
    </p>

    <p class='ocr_par' dir='ltr' id='par_1_12' title="bbox 67 2583 791 2667">
     <span class='ocr_line' id='line_1_28' title="bbox 67 2583 791 2667; baseline 0.011 -23"><span class='ocrx_word' id='word_1_187' title='bbox 67 2583 162 2662; x_wconf 80' lang='lat' dir='ltr'>gloria</span> <span class='ocrx_word' id='word_1_188' title='bbox 182 2584 312 2646; x_wconf 86' lang='lat' dir='ltr'>delectos</span> <span class='ocrx_word' id='word_1_189' title='bbox 332 2586 415 2647; x_wconf 88' lang='lat' dir='ltr'>Latio</span> <span class='ocrx_word' id='word_1_190' title='bbox 437 2595 466 2648; x_wconf 91' lang='lat' dir='ltr'>et</span> <span class='ocrx_word' id='word_1_191' title='bbox 485 2587 681 2649; x_wconf 90' lang='lat' dir='ltr'>Laurentibus</span> <span class='ocrx_word' id='word_1_192' title='bbox 702 2593 791 2667; x_wconf 84' lang='lat' dir='ltr'>agris.</span> 
     </span>
    </p>

    <p class='ocr_par' dir='ltr' id='par_1_13' title="bbox 67 2668 815 2750">
     <span class='ocr_line' id='line_1_29' title="bbox 67 2668 815 2750; baseline 0.009 -22"><span class='ocrx_word' id='word_1_193' title='bbox 67 2676 164 2729; x_wconf 89' lang='lat' dir='ltr'>estet</span> <span class='ocrx_word' id='word_1_194' title='bbox 185 2668 356 2731; x_wconf 88' lang='lat' dir='ltr'>Volscorum</span> <span class='ocrx_word' id='word_1_195' title='bbox 378 2674 496 2750; x_wconf 82' lang='lat' dir='ltr'>egregia</span> <span class='ocrx_word' id='word_1_196' title='bbox 518 2672 555 2732; x_wconf 91' lang='lat' dir='ltr'>de</span> <span class='ocrx_word' id='word_1_197' title='bbox 578 2681 664 2750; x_wconf 85' lang='lat' dir='ltr'>gente</span> <span class='ocrx_word' id='word_1_198' title='bbox 686 2673 815 2745; x_wconf 87' lang='lat' dir='ltr'>Camilla,</span> 
     </span>
    </p>

    <p class='ocr_par' dir='ltr' id='par_1_14' title="bbox 66 2756 906 3083">
     <span class='ocr_line' id='line_1_30' title="bbox 66 2756 891 2833; baseline 0.006 -19"><span class='ocrx_word' id='word_1_199' title='bbox 66 2770 173 2831; x_wconf 79' lang='lat' dir='ltr'>agmen</span> <span class='ocrx_word' id='word_1_200' title='bbox 194 2769 283 2830; x_wconf 82' lang='lat' dir='ltr'>agens</span> <span class='ocrx_word' id='word_1_201' title='bbox 304 2756 435 2833; x_wconf 92' lang='lat' dir='ltr'>equitum</span> <span class='ocrx_word' id='word_1_202' title='bbox 456 2763 486 2816; x_wconf 93' lang='lat' dir='ltr'>et</span> <span class='ocrx_word' id='word_1_203' title='bbox 506 2757 637 2817; x_wconf 90' lang='lat' dir='ltr'>liorentis</span> <span class='ocrx_word' id='word_1_204' title='bbox 659 2774 728 2819; x_wconf 89' lang='lat' dir='ltr'>aere</span> <span class='ocrx_word' id='word_1_205' title='bbox 749 2766 891 2820; x_wconf 87' lang='lat' dir='ltr'>catervas.</span> 
     </span>
     <span class='ocr_line' id='line_1_31' title="bbox 67 2837 882 2920; baseline 0.009 -25"><span class='ocrx_word' id='word_1_206' title='bbox 67 2837 147 2915; x_wconf 92' lang='lat' dir='ltr'>quod</span> <span class='ocrx_word' id='word_1_207' title='bbox 166 2837 191 2895; x_wconf 91' lang='lat' dir='ltr'>si</span> <span class='ocrx_word' id='word_1_208' title='bbox 208 2856 256 2898; x_wconf 91' lang='lat' dir='ltr'>me</span> <span class='ocrx_word' id='word_1_209' title='bbox 277 2838 372 2898; x_wconf 90' lang='lat' dir='ltr'>solum</span> <span class='ocrx_word' id='word_1_210' title='bbox 393 2838 500 2899; x_wconf 81' lang='lat' dir='ltr'>&#39;leucri</span> <span class='ocrx_word' id='word_1_211' title='bbox 522 2841 553 2899; x_wconf 89' lang='lat' dir='ltr'>in</span> <span class='ocrx_word' id='word_1_212' title='bbox 575 2843 735 2903; x_wconf 86' lang='lat' dir='ltr'>certamina</span> <span class='ocrx_word' id='word_1_213' title='bbox 755 2850 882 2920; x_wconf 91' lang='lat' dir='ltr'>poscunt</span> 
     </span>
     <span class='ocr_line' id='line_1_32' title="bbox 66 2918 906 2998; baseline 0.007 -19"><span class='ocrx_word' id='word_1_214' title='bbox 66 2918 156 2995; x_wconf 89' lang='lat' dir='ltr'>idque</span> <span class='ocrx_word' id='word_1_215' title='bbox 173 2918 269 2994; x_wconf 91' lang='lat' dir='ltr'>placet</span> <span class='ocrx_word' id='word_1_216' title='bbox 288 2928 459 2998; x_wconf 86' lang='lat' dir='ltr'>tantumque</span> <span class='ocrx_word' id='word_1_217' title='bbox 478 2922 563 2982; x_wconf 90' lang='lat' dir='ltr'>bonis</span> <span class='ocrx_word' id='word_1_218' title='bbox 584 2925 790 2987; x_wconf 87' lang='lat' dir='ltr'>communibus</span> <span class='ocrx_word' id='word_1_219' title='bbox 812 2924 906 2994; x_wconf 82' lang='lat' dir='ltr'>obsto,</span> 
     </span>
     <span class='ocr_line' id='line_1_33' title="bbox 67 3000 773 3083; baseline 0.006 -21"><span class='ocrx_word' id='word_1_220' title='bbox 67 3018 128 3062; x_wconf 89' lang='lat' dir='ltr'>non</span> <span class='ocrx_word' id='word_1_221' title='bbox 146 3000 219 3061; x_wconf 89' lang='lat' dir='ltr'>adeo</span> <span class='ocrx_word' id='word_1_222' title='bbox 239 3000 293 3061; x_wconf 92' lang='lat' dir='ltr'>bas</span> <span class='ocrx_word' id='word_1_223' title='bbox 313 3020 400 3062; x_wconf 82' lang='lat' dir='ltr'>exosa</span> <span class='ocrx_word' id='word_1_224' title='bbox 419 3021 524 3064; x_wconf 86' lang='lat' dir='ltr'>manus</span> <span class='ocrx_word' id='word_1_225' title='bbox 543 3004 670 3065; x_wconf 87' lang='lat' dir='ltr'>Victoria</span> <span class='ocrx_word' id='word_1_226' title='bbox 691 3007 773 3083; x_wconf 82' lang='lat' dir='ltr'>lugit,</span> 
     </span>
    </p>

    <p class='ocr_par' dir='ltr' id='par_1_15' title="bbox 67 3086 849 3165">
     <span class='ocr_line' id='line_1_34' title="bbox 67 3086 849 3165; baseline 0.004 -20"><span class='ocrx_word' id='word_1_227' title='bbox 67 3092 102 3145; x_wconf 87' lang='lat' dir='ltr'>ut</span> <span class='ocrx_word' id='word_1_228' title='bbox 119 3092 199 3144; x_wconf 90' lang='lat' dir='ltr'>tanta</span> <span class='ocrx_word' id='word_1_229' title='bbox 219 3086 375 3163; x_wconf 90' lang='lat' dir='ltr'>quicquam</span> <span class='ocrx_word' id='word_1_230' title='bbox 396 3104 522 3165; x_wconf 90' lang='lat' dir='ltr'>prospe</span> <span class='ocrx_word' id='word_1_231' title='bbox 542 3094 686 3165; x_wconf 90' lang='lat' dir='ltr'>temptare</span> <span class='ocrx_word' id='word_1_232' title='bbox 704 3107 849 3151; x_wconf 91' lang='lat' dir='ltr'>recusem.</span> 
     </span>
    </p>

    <p class='ocr_par' dir='ltr' id='par_1_16' title="bbox 67 3166 903 3332">
     <span class='ocr_line' id='line_1_35' title="bbox 67 3166 903 3248; baseline 0.007 -20"><span class='ocrx_word' id='word_1_233' title='bbox 67 3166 117 3228; x_wconf 93' lang='lat' dir='ltr'>ibo</span> <span class='ocrx_word' id='word_1_234' title='bbox 138 3169 241 3228; x_wconf 91' lang='lat' dir='ltr'>animis</span> <span class='ocrx_word' id='word_1_235' title='bbox 260 3177 371 3240; x_wconf 84' lang='lat' dir='ltr'>contra,</span> <span class='ocrx_word' id='word_1_236' title='bbox 391 3169 438 3230; x_wconf 90' lang='lat' dir='ltr'>vel</span> <span class='ocrx_word' id='word_1_237' title='bbox 455 3188 595 3244; x_wconf 67' lang='lat' dir='ltr'>maenum</span> <span class='ocrx_word' id='word_1_238' title='bbox 618 3180 746 3248; x_wconf 90' lang='lat' dir='ltr'>praestet</span> <span class='ocrx_word' id='word_1_239' title='bbox 762 3170 903 3234; x_wconf 80' lang='lat' dir='ltr'>Achillem</span> 
     </span>
     <span class='ocr_line' id='line_1_36' title="bbox 67 3251 819 3332; baseline 0.009 -21"><span class='ocrx_word' id='word_1_240' title='bbox 67 3251 202 3330; x_wconf 87' lang='lat' dir='ltr'>iactaque</span> <span class='ocrx_word' id='word_1_241' title='bbox 222 3251 341 3313; x_wconf 86' lang='lat' dir='ltr'>Volcani</span> <span class='ocrx_word' id='word_1_242' title='bbox 362 3254 496 3315; x_wconf 90' lang='lat' dir='ltr'>manibus</span> <span class='ocrx_word' id='word_1_243' title='bbox 517 3256 598 3332; x_wconf 82' lang='lat' dir='ltr'>paria</span> <span class='ocrx_word' id='word_1_244' title='bbox 618 3255 720 3317; x_wconf 91' lang='lat' dir='ltr'>induat</span> <span class='ocrx_word' id='word_1_245' title='bbox 738 3275 819 3318; x_wconf 90' lang='lat' dir='ltr'>arma</span> 
     </span>
    </p>

    <p class='ocr_par' dir='ltr' id='par_1_17' title="bbox 67 3333 888 3580">
     <span class='ocr_line' id='line_1_37' title="bbox 67 3333 879 3418; baseline 0.009 -23"><span class='ocrx_word' id='word_1_246' title='bbox 67 3333 116 3395; x_wconf 92' lang='lat' dir='ltr'>ille</span> <span class='ocrx_word' id='word_1_247' title='bbox 134 3334 210 3396; x_wconf 91' lang='lat' dir='ltr'>licet.</span> <span class='ocrx_word' id='word_1_248' title='bbox 243 3336 325 3397; x_wconf 87' lang='lat' dir='ltr'>vobis</span> <span class='ocrx_word' id='word_1_249' title='bbox 346 3340 472 3399; x_wconf 86' lang='lat' dir='ltr'>animam</span> <span class='ocrx_word' id='word_1_250' title='bbox 494 3339 570 3400; x_wconf 90' lang='lat' dir='ltr'>hanc</span> <span class='ocrx_word' id='word_1_251' title='bbox 591 3357 756 3418; x_wconf 89' lang='lat' dir='ltr'>soceroque</span> <span class='ocrx_word' id='word_1_252' title='bbox 776 3341 879 3402; x_wconf 88' lang='lat' dir='ltr'>Latino</span> 
     </span>
     <span class='ocr_line' id='line_1_38' title="bbox 67 3418 888 3498; baseline 0.012 -19"><span class='ocrx_word' id='word_1_253' title='bbox 67 3418 186 3480; x_wconf 85' lang='lat' dir='ltr'>Turnus</span> <span class='ocrx_word' id='word_1_254' title='bbox 209 3438 273 3498; x_wconf 81' lang='lat' dir='ltr'>ego,</span> <span class='ocrx_word' id='word_1_255' title='bbox 296 3420 367 3481; x_wconf 83' lang='lat' dir='ltr'>baut</span> <span class='ocrx_word' id='word_1_256' title='bbox 387 3421 439 3482; x_wconf 94' lang='lat' dir='ltr'>ulli</span> <span class='ocrx_word' id='word_1_257' title='bbox 459 3431 588 3485; x_wconf 87' lang='lat' dir='ltr'>veterum</span> <span class='ocrx_word' id='word_1_258' title='bbox 606 3424 713 3486; x_wconf 90' lang='lat' dir='ltr'>virtute</span> <span class='ocrx_word' id='word_1_259' title='bbox 733 3425 888 3491; x_wconf 85' lang='lat' dir='ltr'>secundus.</span> 
     </span>
     <span class='ocr_line' id='line_1_39' title="bbox 67 3501 852 3580; baseline 0.006 -15"><span class='ocrx_word' id='word_1_260' title='bbox 67 3503 179 3566; x_wconf 85' lang='lat' dir='ltr'>devovi.</span> <span class='ocrx_word' id='word_1_261' title='bbox 214 3501 335 3566; x_wconf 84' lang='lat' dir='ltr'>“solum</span> <span class='ocrx_word' id='word_1_262' title='bbox 353 3505 465 3566; x_wconf 73' lang='lat' dir='ltr'>lenem</span> <span class='ocrx_word' id='word_1_263' title='bbox 488 3506 612 3569; x_wconf 83' lang='lat' dir='ltr'>vocst&#39;&#39;:</span> <span class='ocrx_word' id='word_1_264' title='bbox 633 3516 663 3568; x_wconf 88' lang='lat' dir='ltr'>et</span> <span class='ocrx_word' id='word_1_265' title='bbox 683 3526 768 3571; x_wconf 80' lang='lat' dir='ltr'>vocet</span> <span class='ocrx_word' id='word_1_266' title='bbox 788 3529 852 3580; x_wconf 83' lang='lat' dir='ltr'>oro,</span> 
     </span>
    </p>
   </div>
   <div class='ocr_carea' id='block_1_3' title="bbox 0 0 1260 4096">
    <p class='ocr_par' dir='ltr' id='par_1_18' title="bbox 0 0 1260 4096">
     <span class='ocr_line' id='line_1_40' title="bbox 0 0 1260 4096; baseline 0 0"><span class='ocrx_word' id='word_1_267' title='bbox 0 0 1260 4096; x_wconf 95' lang='lat' dir='ltr'> </span> 
     </span>
    </p>
   </div>
  </div>
 </body>
</html>
