2512 4096
155 255 217 321 208
488 262 641 311 »vnnornr
661 260 787 310 snnnrs
809 259 846 308 vr

156 439 294 487 necnon
318 428 347 481 et
366 419 487 499 Tityon,
509 419 622 480 Terrae
643 418 854 496 omniparentis
875 414 1043 487 alumnum,

158 524 282 570 cernere
304 511 381 575 erat,
403 521 458 582 per
479 511 541 565 tota
561 521 666 564 novem
689 505 737 564 cui
757 504 858 579 iugera
881 517 988 580 corpus

157 590 335 673 porrigitur,
357 596 514 668 rostroque
536 588 671 650 immanis
692 586 788 648 voltur
810 586 927 647 obunco

158 672 324 738 immortale
345 675 427 734 ieeur
447 672 573 734 tondens
594 672 779 750 fecundaque
800 672 903 749 poenis

157 761 271 820 viscera
291 758 474 836 rimaturque
497 756 590 837 epulis
610 756 781 835 habitatque
803 754 858 815 sub
879 754 937 815 alto

159 852 294 921 pectore,
316 860 371 903 noc
392 842 474 902 libris
496 843 613 920 requies
631 842 717 902 datur
738 840 797 902 ulla
813 840 932 900 renatis.

161 927 246 1009 [qnid
268 944 430 987 memorem
453 925 605 1004 Lapithas,
625 925 726 1020 lxiona
748 922 1002 1006 Pirithoumquel]

482 1030 502 1066 tt·
556 1060 557 1063 ,
651 1028 670 1064 dt·
819 1027 838 1066 Ω

162 1113 221 1174 quo
243 1112 334 1173 super
356 1101 419 1156 atra
441 1094 513 1156 silex
536 1097 594 1156 iam
616 1097 673 1156 iarn
694 1095 812 1172 lapsura
836 1094 1009 1173 cadentique

160 1179 294 1240 imminet
312 1178 466 1248 adsimilis;
485 1178 585 1241 lucent
603 1178 765 1258 genialibus
788 1178 852 1239 altis

162 1281 251 1325 aurea
274 1261 368 1325 fulcra
390 1264 478 1335 toris,
502 1261 665 1342 epulaeque
686 1270 753 1324 ante
771 1282 824 1325 ora
841 1268 961 1342 paratae

161 1347 282 1424 regifico
300 1347 385 1417 luxu;
406 1347 550 1409 furiarum
572 1349 697 1409 maxima
719 1350 798 1409 iuxta

163 1430 288 1492 accubat
308 1438 337 1491 et
359 1431 495 1493 manibus
512 1432 650 1511 probibet
670 1433 840 1510 contingere
860 1447 977 1513 mensas

164 1516 354 1592 exsurgitque
378 1515 472 1577 lacem
495 1516 629 1577 attollens
652 1526 739 1595 atque
761 1518 875 1576 intonat
897 1535 959 1578 ore.
1018 1518 1022 1523 ’

163 1597 212 1660 bic
233 1597 339 1676 quibus
355 1599 439 1659 invisi
460 1599 580 1671 fratres,
607 1602 676 1662 durn
699 1601 756 1661 rita
776 1600 927 1669 manebat,

164 1680 331 1762 pulsatusve
354 1701 462 1761 parens
485 1690 513 1744 et
534 1685 615 1746 naus
636 1686 742 1747 innexa
765 1685 878 1756 clienti,

164 1773 215 1827 aut
232 1767 282 1845 qui
300 1766 406 1828 divitiis
426 1766 479 1829 soli
499 1768 662 1830 incubuere
682 1771 809 1848 repertis

164 1868 221 1911 nee
240 1857 355 1928 partem
372 1869 500 1929 posuere
521 1854 581 1913 suis
603 1852 688 1933 (quae
707 1854 832 1914 maxima
853 1850 940 1912 turha
958 1851 1026 1933 est),

166 1935 274 2014 quique
296 1934 334 1996 ob
355 1934 530 1998 adulterium
551 1938 645 2009 eaesi,
668 1938 776 2017 quique
798 1953 880 1997 arma
901 1939 994 1997 secuti

165 2019 254 2097 impia
275 2036 332 2080 nee
351 2021 435 2081 veriti
457 2022 643 2083 dominorum
665 2022 767 2083 fallere
789 2021 921 2090 dextras,

164 2101 271 2164 inclusi
286 2122 413 2182 poenam
432 2114 596 2184 expectant.
640 2124 679 2168 ne
701 2123 810 2185 quaere
829 2104 929 2164 doceri

167 2204 255 2266 quam
275 2205 417 2266 poenam,
440 2196 490 2251 aut
512 2209 587 2269 quae
608 2191 701 2251 forma
719 2192 798 2250 viros
818 2190 971 2249 fortunave
990 2187 1101 2248 mersit.
1138 2197 1190 2250 615

166 2287 269 2331 saxum
291 2273 395 2349 ingens
414 2273 532 2335 volvont
553 2273 616 2344 elii,
640 2276 790 2353 radiisque
808 2281 942 2335 rotarum

167 2354 289 2416 districti
310 2357 453 2435 pendent;
474 2358 557 2420 sedet
575 2365 788 2437 aeternumque
809 2357 924 2419 sedebit

166 2437 265 2499 inlebx
283 2439 429 2510 Theseum
452 2442 654 2522 Phlegyasque
675 2442 858 2503 miserrimus
881 2442 975 2502 omnis

167 2522 305 2583 admonet
327 2524 356 2585 el
377 2543 483 2603 magna
504 2533 628 2587 testatur
648 2544 720 2587 voce
737 2544 791 2604 per
814 2525 950 2587 umbras:

168 2607 297 2668 “discite
318 2609 457 2669 iustitiam
475 2610 577 2669 moniti
600 2617 629 2670 et
649 2628 708 2670 non
729 2617 863 2671 temnere
884 2607 999 2670 divos.”

165 2690 297 2756 vendidit
315 2692 364 2752 hic
385 2710 457 2752 auro
479 2694 602 2772 patriam
625 2693 837 2772 dominumque
857 2701 1008 2773 potentem

167 2775 320 2851 imposuit,
346 2776 408 2836 lixit
428 2775 509 2854 leges
531 2777 627 2855 pretio
648 2785 736 2855 atque
753 2778 865 2847 refixit;

167 2859 216 2919 hic
237 2856 399 2919 thalamum
416 2860 521 2922 invasit
541 2871 627 2922 natae
647 2863 810 2942 vetitosque
832 2863 1024 2943 hymenaeum

61 3001 67 3008 .
168 2944 231 3004 ausi
252 2960 354 3004 omnes
375 2946 502 3007 immane
523 2946 759 3026 nelas0ausoque
779 2948 872 3025 potiti.

168 3045 242 3097 non,
265 3029 337 3089 mihi
358 3029 382 3089 si
403 3028 520 3109 linguae
540 3038 657 3092 centum
679 3033 736 3092 sint
759 3049 870 3110 oraque
893 3034 1024 3091 centurn.

168 3111 266 3172 ferrea
288 3132 359 3183 vox,
383 3116 477 3175 omnis
495 3113 641 3177 scelerum
660 3115 874 3194 comprendere
891 3114 1018 3183 formas,

169 3197 267 3256 omnia
288 3214 453 3273 poenarum
471 3217 649 3277 percurrere
670 3200 790 3260 nomina
812 3194 948 3275 possirn.'

211 3279 291 3340 llaec
312 3279 363 3340 ubi
385 3281 460 3341 dicta
483 3282 562 3343 dedit
581 3280 693 3342 Phoebi
713 3280 854 3357 longaeva
875 3279 1032 3350 sacerdos,

171 3360 307 3423 ·sediam
329 3381 399 3442 age,
423 3383 512 3444 carpe
532 3367 608 3425 viem
631 3371 660 3426 et
681 3371 850 3441 susceptum
871 3365 980 3441 pertice
1003 3379 1121 3425 munus.

170 3444 387 3510 adceleremus'
407 3451 463 3509 ait:
490 3447 666 3528 ‘Cyclopum
684 3449 788 3509 educta
813 3450 933 3509 caminis
1141 3456 1195 3512 ⁶8⁰

172 3532 286 3594 moenia
310 3533 460 3614 conspicio
483 3539 570 3612 atque
592 3533 715 3596 adverso
737 3531 850 3595 fornice
872 3539 987 3613 portas,
