2512 4096
153 250 214 312 860
470 261 502 308 e.
517 258 662 306 vanuum
684 257 840 306 uanoms

152 433 227 495 qnae
249 413 351 473 subter
373 412 495 473 viridem
517 411 686 473 residebant
706 411 824 472 caerula
846 430 1004 483 muscumt

151 500 209 559 iam
232 496 343 556 medias
365 515 487 575 operum
509 503 608 575 partes
631 501 747 555 evectus
769 503 832 556 erat
854 495 908 565 sol,

152 598 219 641 cunr
242 579 347 639 densas
361 587 462 658 pastor
483 579 611 659 pecudes
632 577 755 656 cogebat
775 579 806 637 in
828 579 964 641 umbras.

151 664 222 724 haut
243 661 347 742 procul
369 664 492 724 accessit
513 662 579 722 luco
601 660 731 722 residere
753 663 869 730 virenti,

152 745 233 806 Delia
256 746 333 816 diva,
356 753 421 815 tuo,
445 763 503 824 quo
525 744 674 824 quondam
696 745 769 804 victa
791 744 894 806 lurore

152 830 230 888 venit
252 828 415 907 Nyctelium
437 828 554 907 fugiens
576 827 711 889 Cadmeis
731 828 839 905 Agaue,

151 911 286 972 infandas
307 911 448 973 scelerata
470 929 574 972 manus
596 928 630 970 ec
652 909 741 970 caede
763 920 899 972 cruenta:

152 1013 227 1074 quae
249 995 353 1073 gelidis
374 994 544 1055 bacchata'
536 995 612 1071 rugis
633 993 776 1073 requievit
795 995 826 1052 in
849 1002 947 1066 antro,

152 1079 297 1157 posterius
311 1095 436 1158 poenam
457 1078 540 1154 gnati
562 1077 598 1136 de
619 1083 715 1136 morte
737 1076 850 1137 datura.

152 1161 200 1221 hic
223 1164 309 1221 etiarn
331 1161 417 1221 viridi
438 1160 572 1221 ludentes
594 1177 685 1238 panes
705 1160 735 1219 in
759 1158 852 1220 herba

153 1252 182 1305 et
203 1246 292 1323 satyri
314 1243 495 1322 dryadesque
517 1243 623 1304 choros
645 1259 733 1320 egere
754 1240 869 1321 puellae

152 1328 289 1388 naiadum
311 1335 406 1387 coetu.
428 1334 541 1387 tantum
564 1343 623 1387 non
646 1324 782 1404 Orpheis
803 1325 937 1389 Hebrum

152 1419 311 1472 restantem
334 1411 428 1470 tenuit
449 1411 521 1489 ripis
542 1408 686 1486 silvasque
708 1408 849 1478 canendo,

151 1503 292 1574 quantum
315 1501 357 1564 te,
381 1495 501 1571 pernix,
524 1499 724 1560 remorantur,
749 1490 827 1560 diva,
850 1493 964 1555 chorea

151 1578 242 1639 multa
264 1584 314 1636 tuo
337 1576 430 1636 laetae
451 1575 607 1635 fundentes
628 1574 734 1653 gaudia
755 1572 841 1644 voltu,

151 1663 213 1740 ipsa
235 1659 292 1719 loci
315 1666 417 1719 natura
441 1658 560 1718 domum
574 1663 732 1718 resonante
754 1675 873 1719 susurro

151 1744 216 1823 quis
238 1740 327 1802 dabat
348 1748 378 1801 et
399 1740 478 1800 dulci
499 1741 591 1801 iessas
613 1739 791 1800 rescrebat
783 1759 815 1801 m
835 1739 954 1804 umbra.

151 1845 219 1890 uam
240 1826 369 1905 primum
390 1842 484 1903 prona
506 1823 665 1901 surgebant
685 1821 759 1884 valle
780 1832 915 1904 patentes

151 1911 248 1970 aeriae
271 1907 395 1987 platani,
416 1909 496 1968 inter
519 1925 591 1987 quas
608 1905 699 1985 impla
713 1905 797 1978 lotos,

153 1993 253 2070 impia,
270 2008 345 2070 quae
367 1992 462 2052 socios
483 1989 759 2051 Ithaci-maerentis
780 1989 887 2068 abegit,

151 2075 267 2154 hospita
290 2074 359 2133 dum
381 2076 471 2135 nimia
493 2074 588 2134 tenuit
610 2071 766 2133 dulcedine
788 2080 898 2152 captos.

151 2165 180 2218 at
217 2156 323 2237 quibus
345 2158 454 2235 insigni
476 2174 566 2218 curru
586 2157 735 2236 proiectus
757 2174 898 2236 equorum

151 2240 301 2301 ambustus
323 2241 476 2301 Phaethon
497 2239 578 2301 luctu
599 2246 761 2300 mutaverat
782 2245 863 2299 artus

151 2323 301 2392 Heliades,
323 2324 434 2383 teneris
456 2323 592 2403 inplcxae
613 2321 751 2382 bracchia
773 2323 894 2390 truncis,

151 2406 273 2466 candida
296 2406 459 2467 fundebant
480 2408 569 2466 tentis
590 2405 733 2466 velamina
754 2407 854 2466 ramis.

151 2491 297 2569 posterius
320 2491 368 2549 cui
389 2491 581 2569 Demophoon
603 2494 723 2549 aeterna
744 2489 864 2568 reliquit

151 2573 273 2651 perfidia
294 2572 435 2643 lamenta,
459 2572 519 2632 doli
539 2570 615 2632 male
636 2571 757 2650 provida
778 2571 896 2651 Phyllis,

152 2655 273 2734 (perfide
295 2654 487 2733 Demophoon
510 2663 539 2714 et
560 2671 620 2713 non
642 2653 775 2714 dellende
797 2654 924 2734 puellisi)

150 2757 236 2816 quam
260 2737 475 2798 comitabantur
497 2735 594 2796 latalia
617 2738 747 2797 carmina
768 2756 904 2816 quercus,

150 2837 276 2900 quercus
298 2827 365 2880 ante
388 2820 472 2880 datae
494 2821 610 2881 Cereris
632 2838 719 2898 quam
741 2823 853 2881 semina
875 2822 951 2882 vitae
1040 2857 1043 2864 ›

152 2903 225 2984 (illas
247 2901 421 2983 Triptolemi
442 2904 563 2964 mutavit
585 2903 681 2964 sulcus
703 2905 819 2985 aristis).

150 2987 198 3048 hic
220 3005 360 3065 magnum
382 2988 496 3064 Argoae
517 2989 584 3048 navi
607 2987 696 3049 decus
718 2988 795 3049 edita
817 2989 920 3068 pinus,

149 3088 290 3168 proceros
312 3070 432 3131 decorat
453 3070 538 3132 silvas
560 3071 672 3132 hirsuta
692 3088 748 3150 per
769 3080 850 3133 artus

150 3169 183 3214 ac
205 3155 278 3230 petit
299 3155 386 3214 aeriis
413 3155 587 3232 contingere
612 3155 739 3216 motibus
761 3161 848 3215 astra.

149 3234 224 3296 ilicis
246 3243 276 3295 et
297 3238 399 3314 nigrae
421 3249 450 3297 et
471 3240 585 3316 species
606 3237 733 3298 Lethaea
756 3255 910 3318 cupressus

148 3317 363 3398 umbrosaeque
384 3328 505 3380 monent
528 3321 610 3398 fagus
632 3320 819 3399 hederaeque
841 3321 965 3399 ligantes

147 3399 301 3470 bracchia,
325 3402 471 3462 fraternos
493 3403 613 3481 plangat
634 3421 672 3465 ne
693 3403 819 3502 populus
841 3406 924 3475 ictus,

147 3484 287 3564 ipsaeque
310 3483 471 3545 escendunt
493 3485 665 3548 adsumme
687 3488 839 3548 cacumina
860 3486 957 3547 lentae
