2512 4096
131 104 189 167 226
454 117 597 165 venenu
613 117 738 167 anunm
755 119 806 166 v11

131 274 250 350 iraeque
270 271 451 350 insidiaeque
473 280 501 334 et
524 273 647 334 crimina
664 273 750 332 noxia
772 272 863 332 cordi

130 356 190 415 odit
211 361 240 415 et
261 356 324 431 ipse
344 362 428 432 pater
450 355 565 426 Pluton,
588 355 676 416 odore
698 371 817 416 sorores

130 437 287 498 Tartareae
308 445 487 499 monstrum:
507 445 551 500 tot
572 455 636 498 sese
657 438 743 499 vertit
762 438 792 498 iu
815 455 874 505 ora,

130 529 188 581 tarn
206 538 308 581 saevae
330 521 427 591 iacies,
451 527 495 582 tot
516 520 637 600 pullulat
659 527 722 582 atra
744 519 881 581 colubris.

131 621 217 682 quarn
237 603 309 664 iuno
331 605 376 665 his
398 605 476 666 acuit
497 604 594 668 verbis
616 623 650 665 ac
669 603 735 664 taiia
756 604 849 667 latur:

131 687 224 747 ‘hunc
245 688 317 747 mihi
340 687 376 748 da
398 689 562 768 proprium,
583 689 665 764 virgo
689 694 749 748 sata
771 687 871 755 Nocte.
894 685 1034 755 laborans,

130 770 206 831 hanc
227 787 356 847 operam,
380 788 418 832 no
437 779 536 833 noster
556 771 650 832 honos
672 771 830 831 infractave
852 769 935 831 cedat

130 853 207 914 fania
227 852 293 914 ioco
312 871 369 914 neu
392 853 524 915 conubiis
547 853 660 916 ambire
682 853 817 915 Latinum

130 936 283 997 Aeneadae
305 937 418 1014 possint
440 936 563 999 italosve
586 935 722 998 obsidere
744 936 819 998 linis.

131 1027 161 1079 tu
184 1027 268 1097 potes
290 1021 445 1081 unanimos
468 1038 583 1082 armare
604 1021 635 1081 iu
657 1018 768 1097 proelia
789 1020 893 1079 iratres

131 1108 218 1180 atque
241 1103 313 1164 odiis
332 1121 449 1165 versare
467 1104 579 1174 domos,
599 1110 631 1165 tu
653 1101 775 1163 verbera
799 1102 880 1163 tectis

131 1185 328 1264 funereasque
351 1187 461 1248 interro
483 1186 571 1257 iaces,
593 1185 647 1247 tibi
665 1187 785 1247 uomina
806 1183 893 1254 mille,

130 1268 210 1328 miiie
231 1268 355 1330 nocendi
373 1277 460 1332 artes.
492 1269 651 1333 secundum
675 1275 799 1330 concute
818 1273 928 1345 pectus,

131 1351 236 1412 dissice
258 1353 449 1429 compositam
469 1370 582 1431 pacem,
605 1370 671 1414 sore
689 1352 810 1414 crimina
830 1348 915 1411 belli:

132 1451 212 1494 arma
235 1433 302 1495 velit
323 1443 484 1513 poscatque
506 1435 592 1497 simui
613 1437 766 1513 rapiatque
786 1433 938 1495 iuventus!

173 1516 257 1577 unm
280 1518 442 1594 Gorgoneis
464 1517 575 1579 Allecto
597 1518 704 1579 iniecta
726 1517 845 1579 venenis

133 1599 277 1678 principio
299 1600 412 1660 Latium
435 1609 464 1662 et
485 1600 638 1662 laurentis
660 1608 735 1660 tecta
757 1601 873 1678 tyranni

132 1682 209 1744 celsa
230 1683 302 1759 petit
322 1683 500 1762 tacitumque
522 1682 636 1744 obsedit
656 1682 745 1744 limen
766 1685 895 1751 Amatae,

133 1783 219 1845 quam
242 1782 330 1843 super
352 1766 477 1828 adventu
499 1767 647 1829 Teucrum
668 1766 818 1845 Turnique
838 1765 1004 1844 hymenaeis

132 1849 275 1910 femineae
295 1849 447 1913 ardentem
470 1867 618 1929 curaeque
640 1851 760 1928 iraeque
781 1849 955 1927 coquebant.

132 1931 200 1992 huic
221 1932 275 1994 dea
294 1932 437 1997 caeruleis
455 1951 546 1995 uuum
568 1933 605 1995 de
628 1931 758 1994 crinibus
780 1950 906 2010 anguem

133 2016 239 2076 conicit
260 2016 348 2094 inque
365 2018 462 2079 sinum
483 2016 656 2096 praecordia
677 2017 714 2078 ad
735 2017 846 2079 intuma
869 2015 974 2084 subdit,

133 2116 189 2176 quo
214 2098 371 2160 furibunda
392 2100 512 2161 domum
537 2107 669 2161 monstro
692 2100 868 2178 permisceat
888 2116 1012 2159 omnem.

132 2180 179 2241 iiie
201 2182 277 2241 inter
299 2188 392 2244 vestes
415 2191 443 2244 et
462 2182 537 2244 levia
559 2191 680 2262 pectora
698 2182 797 2262 lapsus

132 2263 256 2324 volvitur
279 2269 387 2325 attactu
405 2263 485 2327 nulio
507 2265 637 2345 fallitque
659 2265 815 2335 furentem,

132 2347 279 2424 vipeream
302 2349 584 2426 spiramentum
607 2349 639 2411 tn
660 2345 759 2407 tortile
782 2343 856 2406 colio

133 2447 236 2490 aruum
258 2431 362 2505 ingens
382 2429 512 2501 coluber,
531 2433 563 2490 iit
584 2432 688 2508 longao
712 2432 809 2493 taenia
831 2431 917 2493 vittae

132 2513 311 2589 innectitque
334 2530 440 2583 comas,
464 2521 492 2573 et
514 2513 654 2574 membris
677 2510 808 2573 lubricus
830 2519 918 2573 errat,

136 2612 169 2653 ac
192 2595 261 2654 dum
282 2596 376 2673 prima
398 2593 461 2655 lues
479 2594 538 2655 udo
560 2594 696 2673 sublapsa
718 2612 830 2655 veneno

132 2683 308 2754 pertemptat
329 2694 433 2738 sensus
456 2687 542 2756 atque
560 2678 675 2740 ossibus
697 2678 827 2755 implicat
846 2679 943 2756 ignem

132 2758 257 2820 necdum
280 2761 394 2821 animus
416 2767 477 2820 toto
498 2761 629 2840 percepit
649 2767 771 2839 pectore
791 2762 948 2830 flammam,

133 2841 247 2901 rnollius
267 2851 295 2903 ct
312 2841 396 2903 solito
416 2850 545 2907 matrum
568 2845 604 2906 de
621 2862 704 2906 more
727 2843 824 2908 locuta
842 2853 893 2916 est,

133 2924 222 2985 inuita
241 2943 330 3004 super
352 2934 437 2989 natae
459 2925 615 2990 lacrimans
633 2927 825 3008 Phrygiisque
844 2927 1026 3006 hymenaeis:

29 3079 32 3084 y
133 3007 321 3069 ‘exulibusue
344 3010 429 3071 datur
453 3012 584 3074 ducenda
607 3011 725 3072 Lavinia
746 3009 879 3080 Teucris,

133 3108 150 3148 o
173 3092 295 3166 genitor,
318 3110 373 3153 nec
394 3101 423 3154 te
445 3096 566 3155 miseret
584 3103 747 3172 gnataeque
770 3093 889 3171 tuique?

133 3190 188 3233 nec
211 3175 311 3234 matris
329 3176 456 3246 miseret,
480 3194 568 3256 quarn
590 3177 686 3254 primo
707 3174 843 3254 aquilone
863 3175 1010 3256 relinquet

133 3255 263 3334 pertidus
287 3258 344 3319 alta
363 3266 466 3336 petens
485 3258 611 3319 abducta
632 3259 743 3336 virgine
764 3259 894 3336 praedoi

132 3357 169 3398 an
193 3357 252 3400 non
271 3342 313 3403 sic
333 3341 475 3419 Phrygius
497 3349 631 3418 penetrat
653 3341 870 3403 Lacedaemona
890 3350 990 3421 pastor
