2512 4096
579 303 678 351 elma.

129 454 263 517 Alcathoi
283 454 467 536 Phoebique:
491 457 562 519 deus
584 474 710 535 namque
733 454 825 515 adluit
845 453 903 525 illi;

128 539 207 601 unde
229 541 317 599 etiam
339 539 469 600 citharae
490 557 576 602 voces
591 541 721 601 imitatus
743 545 842 598 acutas

129 639 218 701 saepe
239 619 314 702 lapls
335 630 473 703 recrepat
495 622 625 701 Cyllenia
646 639 799 683 murmura
820 619 922 701 pulsus

128 713 158 767 et
178 712 308 766 veterem
330 706 428 766 sonitu
448 705 561 766 Phoebi
581 712 706 768 testatur
728 722 868 765 amorem.

127 789 204 850 hanc
225 785 331 849 urbem
353 795 421 848 ante
443 787 515 848 alios
538 791 671 868 quitum
693 786 818 848 florebat
837 789 869 847 in
892 790 981 849 armis

127 873 239 933 fecerat
259 871 396 931 intestam
418 872 574 950 populator
595 875 707 951 remige
728 870 832 942 lilinos,

126 957 254 1034 hospitio
276 955 354 1034 quod
376 973 408 1015 se
429 955 492 1016 Nisi
513 954 649 1036 Polyidos
671 956 746 1017 avito

127 1038 317 1119 Carpathium
340 1037 456 1116 fugiens
479 1047 508 1100 et
529 1040 649 1101 llumina
672 1040 812 1101 Caeratea

126 1128 250 1182 texerat.
273 1122 352 1182 hunc
373 1120 451 1182 bello
473 1131 612 1201 repetens
635 1123 792 1202 Gortynius
813 1120 902 1182 herda

127 1206 221 1266 Attica
244 1205 365 1266 Cretaea
386 1205 536 1266 sternebat
555 1224 626 1267 rura
648 1208 762 1284 sagitta.

127 1287 180 1348 sed
202 1293 298 1366 ueq'ue
320 1295 391 1348 tunc
413 1289 491 1348 cives
513 1307 608 1370 neque
630 1296 701 1350 tunc
722 1307 776 1350 rex
797 1289 861 1367 ipsc
882 1295 1000 1350 veretur

126 1370 233 1432 iniesto
255 1371 292 1432 ad
313 1388 415 1433 muros
436 1371 588 1434 volitantes
610 1375 728 1452 agmine
749 1379 861 1433 turmas

126 1456 241 1515 reicere
263 1463 292 1515 et
312 1455 470 1515 indomitas
491 1457 600 1518 virtute
621 1456 781 1517 retundere
802 1463 927 1526 mentes,

127 1556 301 1617 responsum
323 1539 460 1618 quoniam
483 1541 553 1600 satis
575 1546 619 1602 est
640 1541 809 1601 meminisse
831 1539 962 1602 deorum.

127 1639 196 1682 nam
218 1622 314 1701 capite
335 1640 352 1682 a
374 1639 488 1684 summo
510 1625 589 1702 regis
612 1622 756 1705 (mirabile
779 1622 867 1703 dictu)

126 1703 250 1766 candida
272 1707 416 1766 caesaries
439 1705 596 1786 (florebant
617 1714 750 1786 tempora
772 1705 876 1782 lauro),

126 1795 156 1851 at
177 1806 280 1849 roseus
301 1788 399 1849 medio
421 1789 560 1868 surgebat
581 1791 691 1852 vertice
713 1791 818 1857 crinis:

126 1873 208 1932 cuius
230 1889 319 1951 quam
339 1881 453 1934 servata
475 1874 526 1935 diu
546 1882 652 1935 natura
673 1872 784 1942 luisset,

126 1963 185 2014 mm
208 1956 332 2033 patriam
353 1955 532 2025 incolumem
554 1958 617 2019 Nisi
637 1970 821 2034 regnumque
841 1952 972 2014 fututum

126 2035 289 2097 concordes
311 2036 408 2098 stabili
428 2039 584 2100 firmarunt
604 2040 725 2100 numine
746 2053 861 2116 parcae.

126 2137 199 2197 ergo
222 2121 318 2180 omnis
339 2137 409 2181 caro
431 2120 580 2182 residebat
601 2139 672 2182 cura
695 2119 808 2199 capillo,

125 2220 214 2265 aurea
236 2201 372 2263 sollemni
393 2210 543 2282 comptum
566 2223 653 2285 quem
675 2203 764 2264 fibula
786 2204 845 2263 ritu

125 2287 286 2365 Cecropiae
308 2294 338 2347 ct
359 2288 445 2348 tereti
467 2286 625 2348 nectebant
647 2288 734 2348 dente
756 2285 883 2347 cicadae.

166 2369 228 2431 Nec
249 2387 319 2430 vcro
340 2370 415 2430 haec
436 2369 518 2431 urbis
541 2371 671 2433 custodia
692 2388 765 2432 vana
786 2370 883 2440 iuisct,

126 2471 182 2512 nec
204 2461 318 2522 ruerat,
342 2455 374 2513 ni
395 2451 490 2533 Scylla
513 2471 588 2516 novo
610 2461 746 2534 correpta
767 2453 878 2524 lurore,

125 2535 234 2616 Scylla,
257 2537 350 2616 patris
371 2538 472 2599 miseri
492 2541 662 2619 patriaeque
683 2540 801 2598 inventa
823 2535 1022 2615 sepulchrum,

124 2639 142 2680 ο
165 2620 288 2680 nimium
310 2621 424 2699 cupidis
444 2621 542 2682 Minoa
562 2623 704 2684 inhiasset
725 2619 833 2682 ocellis.

124 2703 177 2764 sed
199 2702 294 2765 malus
315 2702 365 2764 ille
386 2723 475 2785 puer,
499 2724 587 2787 quem
609 2723 665 2767 nec
687 2723 738 2766 sua
760 2705 880 2766 flectere
901 2710 996 2765 mater

123 2789 230 2849 iratum
253 2790 362 2866 potuit,
385 2808 472 2867 quem
495 2807 551 2850 nec
572 2798 658 2869 pater
680 2796 767 2868 atquc
789 2806 859 2848 avus
880 2787 959 2848 idem

104 2867 254 2949 ¹luppiter
277 2869 335 2948 (ille
357 2874 445 2931 etiam
466 2872 581 2934 Poenos
603 2873 733 2933 dormire
753 2871 854 2931 leones
1086 2879 1133 2930 135

125 2960 155 3014 at
176 2951 294 3013 rabidas
317 2951 416 3013 docuit
435 2955 512 3013 vires
534 2972 740 3015 mansuescere
762 2955 854 3030 tigris,

123 3035 174 3096 ille
196 3037 283 3096 ctiam
306 3035 400 3106 divos,
423 3036 559 3097 homines
583 3070 618 3083 -
643 3035 694 3096 sed
717 3035 816 3096 dicere
837 3050 977 3113 magnum
1000 3035 1065 3117 est),

124 3119 204 3180 idem
225 3127 288 3180 tum
309 3120 409 3182 tristes
431 3119 554 3181 acuebat
574 3119 713 3200 parvulus
733 3121 803 3180 iras.

123 3202 244 3264 lunonis
265 3221 402 3282 magnac,
426 3204 509 3266 cuius
530 3205 661 3285 periuria
683 3203 764 3264 divae

124 3284 196 3347 olim
218 3286 248 3346 di
269 3288 445 3359 meminere,
468 3295 501 3349 ut
521 3290 579 3350 iam
601 3290 720 3369 periura
741 3286 856 3369 puellae
1085 3293 1133 3346 tta

125 3368 199 3431 nulli
220 3388 280 3431 non
300 3370 421 3445 liceant,
443 3372 601 3435 violaverat
621 3373 713 3435 inscia
734 3371 844 3442 sedem,

125 3453 195 3516 dum
217 3456 308 3516 sacris
330 3463 450 3536 operata
472 3457 544 3519 deae
565 3457 678 3519 lascivit
699 3463 729 3517 et
750 3466 832 3519 extra

124 3539 259 3620 procedit
279 3539 367 3619 longe
388 3549 516 3604 matrum
538 3542 736 3622 comitumque
758 3548 914 3608 catervam,

864 3643 928 3705 24*
