2512 4096
1048 41 1123 82 Wib

478 271 621 322 vnncsnr
643 270 771 320 sununs
785 270 839 320 un
1105 256 1167 322 150

144 428 293 526 &uorsus
313 428 525 572 HJncauaeque
542 426 700 488 admorunt
718 425 812 487 ubera
833 428 931 524 tigres.
954 449 1014 469 ‹⁶-

233 511 307 657 ‘rii
327 507 1068 674 ratitirttdtdidutfflttttfflm²

144 697 216 744 num
238 677 374 739 lacrimas
391 679 484 740 victus
505 677 585 739 dedit
609 684 659 739 aut
675 677 831 738 miseratus
852 676 1046 738 amantemsti
1115 683 1168 740 tto

144 761 344 841 quaeqribus
366 761 545 824 anteferam?
566 763 624 823 iam
645 762 705 822 iam
724 779 781 822 nec
798 762 924 822 maxims
942 761 1014 822 iuno

144 863 199 907 nec
222 845 377 907 Saturnius
395 845 470 908 boec
491 843 584 908 oculis
600 851 685 924 pater
705 845 809 922 aspicit
828 846 938 923 aequis.

143 946 290 1009 nusquam
310 935 373 991 tuta
394 929 477 991 fides
522 929 646 991 eiectum
666 928 768 998 iitore,
791 936 924 1008 egentem

144 1014 246 1091 excepi
268 1020 297 1074 et
318 1014 403 1091 regni
427 1013 550 1075 demens
570 1013 601 1072 in
622 1019 708 1092 parte
727 1010 820 1074 locavi

143 1096 296 1259 &missam
317 1095 458 1168 classem,
479 1098 610 1158 socioso
630 1102 728 1158 morte
745 1093 866 1177 reduxi]
1115 1099 1167 1158 070

176 1199 213 1243 eu
235 1180 317 1242 iuriis
337 1182 456 1243 incerua
477 1181 586 1260 ieroriz
606 1197 687 1242 nnuc
707 1199 803 1259 augrrr
819 1176 939 1258 Apollo,

143 1282 223 1326 nuuc
244 1263 348 1344 Lyciae
367 1272 476 1335 sortes,
504 1281 585 1326 nune
606 1271 636 1326 et
655 1264 723 1326 iore
743 1265 850 1326 missus
869 1260 906 1324 ab
927 1261 991 1340 ipso

143 1350 289 1427 interpres
312 1348 409 1410 divom
429 1347 488 1410 tert
507 1348 627 1409 bonida
648 1349 727 1410 iusso
747 1365 803 1426 per
823 1363 919 1408 suras.

143 1431 253 1493 sedicet
272 1433 297 1492 is
316 1433 431 1512 superis
451 1431 537 1492 labor
559 1440 616 1502 est,
640 1449 675 1494 ea
695 1450 767 1494 curs
786 1433 903 1510 quietos

142 1514 286 1578 sollicitat.
330 1534 428 1595 neque
447 1523 477 1579 te
497 1523 584 1577 teneo
605 1532 702 1595 neque
723 1515 801 1577 diets
820 1512 938 1577 roiebc:
1116 1519 1167 1576 080

143 1601 168 1670 i,
191 1617 317 1680 sequere
338 1599 452 1662 Italiam
470 1600 579 1671 ventis,
600 1607 668 1680 pete
688 1616 779 1678 regna
800 1617 855 1678 per
875 1596 978 1660 undas.
1008 1658 1054 1679 Q„
1124 1636 1129 1645 -

98 1699 232 1763 ’spero
254 1684 389 1763 equidem
409 1684 529 1753 mediis,
551 1683 648 1762 siquid
668 1686 717 1764 pia
736 1684 858 1745 numine
872 1689 1010 1762 possunt,

116 1834 127 1858 f
142 1767 286 1846 supplicia
304 1768 467 1830 hausurum
487 1767 615 1847 scopulis
637 1776 666 1830 et
688 1769 806 1830 nomine
824 1767 897 1828 Dido

122 1856 232 1931 'saepe
250 1860 431 1914 vocaturum.
475 1870 583 1931 sequar
605 1854 675 1913 atris
697 1851 814 1931 ignibus
836 1849 956 1918 absens,

143 1942 188 2004 et,
210 1953 278 1996 cum
297 1936 402 2014 frigida
424 1953 506 1997 mors
524 1937 620 1997 anima
641 1935 791 1997 seduxerit
813 1941 912 2002 artus,
1118 1938 1167 1994 385

145 2017 283 2079 omnibus
310 2016 418 2079 umbra
450 2016 524 2080 iocis
544 2019 643 2079 adoro.
688 2017 784 2086 dabis,
807 2015 957 2094 improbe,
980 2030 1099 2091 poenas.
1122 2031 1133 2050 ⁰

144 2098 299 2178 {audiam
319 2108 349 2161 et
369 2100 446 2162 baeo
464 2102 560 2162 manis
579 2102 674 2162 veniet
693 2101 767 2160 mibi
785 2101 862 2159 fama
883 2097 938 2159 sub
959 2096 1070 2177 imosl'

144 2185 190 2245 bis
210 2182 340 2245 medium
364 2182 451 2245 dictis
471 2201 640 2245 sermonem
661 2182 810 2261 abrumpit
832 2189 862 2243 et
881 2197 968 2242 auras

143 2284 234 2347 aegra
255 2267 329 2345 fugit
350 2283 442 2346 soquo
461 2284 498 2328 ex
520 2265 613 2327 oculis
634 2269 740 2328 avertit
761 2273 791 2327 et
808 2266 916 2334 aufert,

143 2351 280 2431 linquens
300 2350 392 2412 multo
412 2355 493 2413 metu
515 2356 701 2411 cunctantem
720 2358 749 2410 et
769 2348 860 2410 nutu
881 2355 1032 2427 pmantem
1117 2357 1168 2413 ³90

144 2437 254 2497 dicere.
298 2435 463 2512 succipiunt
484 2432 611 2496 famulae
632 2432 828 2512 conlapsaque
849 2431 981 2493 membra

144 2535 312 2581 marmoreo
333 2516 470 2580 referunt
485 2516 613 2580 thaianm
635 2519 791 2596 stratisque
804 2522 960 2595 reponunt.

186 2603 223 2663 bt
243 2603 309 2681 pius
332 2603 459 2672 bermo,
479 2618 658 2681 quamquam
678 2601 771 2663 ienbe
792 2599 940 2662 dolentem

144 2685 266 2748 solando
288 2687 369 2765 cupit
390 2693 420 2747 et
439 2683 524 2748 dietis
544 2692 677 2748 evertere
700 2703 801 2754 curas,

142 2767 250 2850 [multo
264 2789 387 2851 gemens
401 2787 568 2852 meque
584 2771 713 2832 animum
734 2768 895 2831 labefactus
916 2767 1027 2847 amore]
1116 2772 1168 2830 395

144 2854 223 2914 iussa
243 2859 344 2915 temen
364 2852 463 2914 divom
483 2855 653 2931 exsequitur
671 2853 853 2931 classemque
875 2851 982 2913 revisit.

144 2943 208 2997 tum
229 2953 299 2996 rerc
321 2935 430 2997 Teucri
450 2924 624 2998 inoidnbunt
643 2943 672 2998 et
692 2937 778 2998 litore
800 2934 891 2996 celsas

145 3019 296 3081 deducunt
314 3025 375 3079 toto
392 3019 483 3080 naris.
504 3028 508 3033 ’
526 3026 607 3082 natet
627 3027 716 3083 uncta
739 3017 854 3088 carina,

145 3102 366 3183 frondentisque
388 3103 487 3164 ierunt
506 3120 605 3165 remos
626 3111 654 3166 et
675 3103 786 3165 robora
809 3100 886 3163 silvis

146 3185 319 3249 infabricata
339 3188 425 3265 fugae
444 3186 551 3249 studio.
1117 3189 1170 3246 too

144 3271 296 3350 migrantis
314 3287 417 3332 cernas
438 3278 558 3350 totoque
578 3288 614 3333 ex
634 3272 710 3333 urbe
730 3270 851 3332 ruentis.

144 3373 180 3416 ac
198 3352 277 3415 velut
296 3357 445 3431 ingentem
467 3355 608 3417 formicae
630 3355 717 3417 farris
738 3371 874 3415 scemam

145 3455 214 3500 cum
233 3436 373 3516 populant
396 3437 499 3499 biemis
520 3455 665 3501 memores
685 3444 822 3516 tectoque
843 3442 1004 3515 reponunt:

145 3524 167 3586 it
189 3522 308 3599 nigrum
326 3521 436 3600 campis
454 3538 559 3599 agmen
581 3522 780 3601 praedamque
801 3537 855 3598 per
878 3519 985 3581 herbas
1019 3550 1022 3554 ·
