2512 4096
133 254 192 320 tas
461 269 603 319 44444444
625 272 750 321 nunnus
773 274 813 321 111

130 443 176 485 me
199 423 306 485 iamulo
326 423 523 504 famulamque
544 424 657 486 Heleno
678 428 836 487 transmisit
856 428 1028 492 habendam.

129 514 174 568 ast
195 505 276 567 illum
297 516 414 587 ereptae
435 527 542 588 magno
564 508 730 570 flammatus
751 528 851 572 amore
1093 528 1143 580 334

129 590 261 668 coniugis
284 598 313 653 et
335 591 480 654 scelerum
502 593 585 654 iuriis
606 593 731 671 agitatus
752 592 870 655 Orestes

129 674 236 751 excipit
257 675 406 737 incautum
426 677 593 755 patriasque
615 676 773 738 obtruncat
793 679 830 738 ad
851 697 925 740 aras.

128 764 223 818 morte
243 758 427 836 Neoptolemi
446 778 607 838 regnorum
628 760 743 822 reddita
763 762 849 827 cessit

126 858 196 919 pars
213 840 340 913 lleleno,
363 845 413 920 qui
434 842 579 905 Chaonios
602 844 776 924 cognomine
799 863 917 924 campos

128 923 345 1004 Chaoniamque
363 944 481 988 omnem
502 927 629 988 Troiano
653 946 669 988 a
689 926 806 989 Chaone
827 929 911 1000 dixit,
1092 945 1143 1000 444

127 1007 328 1086 Pergamaque
346 1009 521 1089 Iliacamque
544 1011 619 1088 iugis
640 1011 718 1071 hanc
738 1011 846 1072 addidit
868 1031 976 1075 arcem,

126 1090 178 1152 sed
192 1091 244 1152 tibi
266 1095 316 1172 qui
338 1111 459 1155 cursum
482 1095 574 1163 venti,
597 1111 674 1172 quae
695 1093 752 1155 iata
774 1094 900 1157 dederet
954 1089 956 1093 ’

126 1181 177 1235 aut
198 1177 330 1254 quisnam
352 1179 486 1254 ignarum
507 1178 614 1238 nostris
632 1178 706 1239 deus
723 1177 835 1256 appulit
855 1181 932 1241 oris?

127 1259 197 1337 quid
218 1276 293 1337 puer
314 1261 473 1322 Ascanius?
498 1262 677 1341 superatne?
697 1269 725 1322 et
745 1263 872 1324 rescitur
893 1283 982 1343 aura,
1245 1303 1247 1306 -

127 1359 202 1420 quae
220 1343 272 1403 tibi
294 1344 350 1404 iam
373 1344 460 1405 Troia
504 1390 984 1408 ..........
1093 1361 1144 1416 344

126 1526 218 1587 ecqua
235 1517 333 1571 tamen
353 1521 474 1588 puerost
495 1514 619 1574 amissae
637 1532 708 1575 cura
727 1517 873 1591 parentis?

126 1593 231 1670 ecquid
252 1594 282 1653 in
304 1595 453 1672 antiquam
475 1596 610 1657 virtutem
632 1599 805 1677 animosque
820 1597 909 1660 virilis

126 1685 156 1739 et
178 1686 263 1753 pater
285 1678 399 1739 Aeneas
423 1687 451 1738 et
473 1677 635 1738 avonculus
659 1681 768 1740 excitat
788 1678 937 1740 Hectori’
1086 1686 1138 1740 343
1174 1703 1177 1710 ·

123 1761 227 1839 *114444
249 1761 372 1820 multum
394 1761 549 1823 lacrimans
565 1761 654 1822 verba
677 1763 757 1824 inter
779 1761 895 1840 singula
916 1758 1036 1840 fundit]
1087 1770 1139 1824 348

126 1846 195 1908 talia
218 1845 363 1907 fundebat
385 1845 544 1906 lacrimans
566 1844 730 1924 longosque
753 1845 849 1907 ciebat
1087 1853 1139 1908 344
1253 1838 1255 1885 t

123 1932 277 2002 ineassum
298 1929 400 2000 tietus,
424 1948 491 1992 cum
513 1947 579 1991 sese
601 1949 618 1992 a
640 1929 797 1991 moenibus
818 1930 907 1990 heros
1088 1936 1136 1990 345
1248 1996 1251 2027 ;

127 2014 296 2077 Priamides
318 2013 417 2076 multis
438 2013 569 2075 Helenus
591 2013 800 2076 comitantibus
822 2014 918 2075 adlert

127 2098 338 2178 adgnoscitque
360 2118 430 2160 suos
451 2099 605 2177 laetusque
629 2098 665 2159 ad
688 2098 789 2160 limina
812 2098 901 2160 ducit.
1087 2103 1137 2158 341

126 2181 273 2261 procedo,
297 2191 327 2244 et
347 2181 468 2261 parvam
490 2183 610 2244 Troiam
634 2182 829 2262 simulataque
851 2179 964 2260 maguis
1088 2188 1139 2241 349
1246 2194 1249 2235 τ

123 2275 265 2351 Pergama
288 2282 316 2335 et
339 2280 470 2334 arentem
489 2271 598 2332 Xanthi
618 2269 791 2347 cognomine
812 2269 905 2328 rivom
1091 2270 1142 2324 354

123 2357 271 2433 adgnosco
293 2358 461 2434 Scaeaeque
484 2353 645 2433 amplector
667 2352 766 2413 limina
786 2359 897 2429 portae.

123 2458 179 2511 uec
199 2456 258 2499 non
278 2448 306 2500 et
326 2439 434 2501 Teucri
456 2438 535 2505 socia
556 2437 642 2498 simul
661 2435 737 2495 urbe
759 2434 908 2495 fruuntur.

123 2522 188 2584 illos
208 2522 370 2601 porticibus
390 2538 443 2582 rex
466 2519 627 2597 accipiebat
647 2520 676 2577 iu
699 2515 817 2594 amplis:

125 2606 201 2668 aulai
222 2606 318 2667 medio
340 2604 471 2666 libabant
492 2602 597 2681 pocula
620 2599 729 2661 ssacchi

124 2691 265 2769 impositis
287 2707 359 2749 auro
381 2685 518 2764 dapibus,
544 2692 719 2763 paterasque
739 2682 887 2743 tenebant.
1092 2693 1143 2745 353
1246 2682 1248 2689 ’

166 2774 285 2851 lamque
308 2773 370 2833 dies
391 2769 523 2847 alterque
545 2770 607 2830 dies
628 2768 786 2846 processit,
809 2774 837 2827 et
859 2784 948 2827 aurae

124 2856 187 2918 vela
209 2862 313 2917 vocant
334 2854 505 2932 tumidoque
523 2852 641 2913 inflatur
662 2849 803 2912 carbasus
825 2857 939 2911 austro.

124 2942 170 3001 his
189 2947 283 3002 vatem
306 2938 463 3018 adgredior
482 2938 566 2998 dictis
587 2955 621 2998 44
641 2934 708 2996 talia
732 2952 851 3014 quaeso.

126 3023 324 3103 ‘Troiugena
345 3025 492 3102 interpres
512 3023 625 3091 divom,
650 3021 699 3099 qui
720 3022 841 3082 numina
859 3016 985 3086 Phoebi,

127 3110 176 3185 qui
198 3107 345 3185 tripodas,
368 3106 454 3168 Clarii
474 3107 590 3177 laurus,
610 3105 660 3183 qui
683 3104 777 3165 sidera
800 3102 889 3164 sentis
1094 3107 1145 3163 360
1232 3120 1250 3185 3·

129 3198 158 3252 et
172 3190 324 3252 volucrum
346 3191 460 3267 linguas
482 3199 511 3251 et
530 3191 677 3268 praepetis
696 3188 793 3247 omina
814 3186 934 3262 pinnae,
1246 3218 1249 3225 ·

128 3275 189 3335 iare
210 3291 264 3350 age
287 3274 423 3353 (namque
446 3274 539 3333 omnis
562 3290 680 3333 cursum
704 3269 775 3329 mihi
795 3285 937 3346 prospera
957 3267 1027 3327 dixit

126 3358 243 3435 religio,
267 3363 295 3418 et
315 3359 412 3417 cuncti
434 3362 591 3416 suaserunt
605 3354 728 3414 numine
749 3353 806 3414 diri

127 3440 237 3504 ltaliam
260 3446 360 3519 petere
383 3447 411 3500 et
431 3445 526 3500 terras
545 3444 689 3516 temptare
706 3442 854 3515 repostas;
1244 3494 1247 3501 ,

127 3525 187 3586 4414
207 3541 314 3585 novom
336 3523 474 3604 dictuque
494 3522 576 3584 444144
597 3520 718 3601 harpyia
742 3519 865 3580 Celaeno
1095 3524 1147 3582 3415
1247 3550 1249 3575 t
