2512 4096
398 305 544 355 VERGlLI
564 305 691 355 numnis
713 306 740 353 11

58 463 208 546 qnondam
229 463 317 524 etiam
337 462 420 524 vietis
440 461 518 524 redit
538 463 568 522 in
586 461 761 540 praecordia
782 463 888 533 virtus.

58 550 243 626 victoresque
263 547 372 609 cedunt
391 546 493 608 Danai.
538 544 666 608 crudelis
686 545 797 625 ubique

56 631 170 703 luctus,
191 629 302 711 ubique
322 647 414 710 pavor
433 639 463 692 et
481 628 609 709 plurima
630 631 734 690 mortis
754 631 862 709 imago.

97 715 215 778 Primus
235 732 269 776 se
290 714 423 776 Danaum
442 730 550 792 magna
572 714 729 775 comitante
749 721 864 776 caterva

56 799 230 878 Androgeos
252 799 339 860 offert
355 797 457 870 nobis,
481 799 560 860 socia
581 798 696 876 agmina
718 798 856 870 credens,

56 884 180 955 breuius,
204 888 293 962 atque
311 881 390 944 ultro
411 881 511 945 verbis
532 880 689 961 compellat
711 882 826 944 miricis:

56 968 220 1038 ‘festinate,
240 967 304 1028 riri.
348 984 416 1027 nam
438 985 514 1047 quae
531 973 592 1028 tam
612 984 679 1029 sera
700 973 833 1029 moratur

55 1051 213 1132 segnities?
235 1049 283 1112 alii
302 1052 423 1130 rapiunt
442 1053 564 1113 incensa
586 1051 744 1131 feruntque

55 1136 216 1216 Pergama;
239 1152 291 1196 ros
311 1133 397 1196 celsls
418 1152 498 1198 nunc
520 1137 649 1215 primum
669 1154 686 1196 a
707 1134 832 1196 naribus
851 1133 933 1194 itisf'

55 1220 147 1292 dixit,
171 1226 201 1282 et
221 1218 370 1297 extemplo
392 1218 499 1298 (neque
520 1221 600 1281 enim
621 1236 764 1297 responsa
786 1217 930 1280 dabantur

54 1304 113 1367 dda
134 1303 214 1385 satis)
237 1303 329 1364 sensit
348 1301 461 1364 medios
480 1303 618 1381 delapsus
639 1305 670 1364 in
689 1303 791 1362 hostis.

55 1388 197 1468 opstipuit
217 1393 359 1466 retroque
382 1387 488 1465 pedem
510 1405 578 1448 cnm
599 1403 671 1449 voce
691 1386 841 1464 repressit.

54 1472 237 1551 inprovisum
256 1472 351 1550 aspris
372 1469 462 1532 veluti
484 1471 534 1549 qui
555 1469 686 1532 sentibus
709 1487 835 1549 anguem

54 1557 164 1637 pressit
184 1556 267 1617 humi
288 1557 401 1626 nitens,
422 1554 616 1634 trepidusque
635 1562 758 1634 repente
779 1555 888 1635 refugit

56 1638 238 1702 attollentem
259 1640 318 1701 iras
339 1647 369 1701 et
392 1639 510 1702 caerula
531 1638 606 1701 colla
626 1646 803 1702 tumentem:

55 1724 128 1787 haut
148 1741 234 1787 secus
255 1724 427 1804 Androgeos
448 1725 512 1786 risu
534 1725 722 1787 tremefactus
744 1724 852 1787 abibat.

56 1808 203 1870 inruimus
225 1807 323 1870 densis
346 1817 374 1870 et
393 1808 658 1871 circumfundimur
680 1809 783 1878 armis,

56 1893 236 1972 ignarosque
256 1891 314 1954 loci
331 1895 442 1972 passim
464 1901 493 1954 et
516 1893 671 1954 formidine
693 1900 794 1969 captos

57 1977 232 2037 sternimus:
254 1976 386 2054 adspirat
407 1978 505 2056 primo
527 1976 658 2036 Fortuna
680 1973 785 2035 labori.

57 2064 147 2138 atque
166 2058 214 2122 hie
236 2078 377 2122 successu
399 2058 532 2121 exultans
554 2059 717 2136 animisque
739 2055 890 2117 Coroebus

57 2150 92 2203 ‘o
114 2144 200 2214 socii,
221 2161 279 2222 qua
299 2143 409 2222 prima'
430 2143 525 2219 inquit
546 2142 679 2201 ‘fortuna
699 2138 800 2199 salutis

56 2235 200 2288 monstrat
221 2229 293 2294 iter,
317 2242 434 2304 quaque
457 2222 585 2283 ostendit
606 2240 639 2284 se
660 2222 777 2292 dextra,
798 2239 970 2301 sequamur:

55 2317 203 2373 mutemus
222 2306 348 2384 clipeos,
367 2307 558 2385 Danaumque
577 2307 701 2385 insignia
722 2304 808 2367 nobis

56 2401 201 2473 aptemus.
246 2389 331 2451 dolus
352 2407 390 2451 an
409 2390 514 2460 virtus,
538 2391 603 2470 quis
624 2391 654 2452 in
674 2390 760 2453 hoste
780 2391 929 2471 requirat?

56 2492 140 2541 arma
162 2472 274 2534 dabunt
293 2472 373 2552 ipsi’
417 2475 460 2537 sic
480 2475 557 2537 fatus
578 2474 684 2538 deinde
705 2481 870 2538 comantem

54 2558 205 2638 Androgei
226 2557 339 2636 galeam
361 2557 504 2639 clipeique
525 2560 639 2639 insigne
660 2560 802 2624 decorum

54 2646 186 2707 induitur
207 2641 352 2724 laterique
369 2644 508 2724 Argivom
529 2645 731 2707 accommodat
753 2663 863 2709 ensem.

55 2729 114 2790 hoc
134 2728 281 2808 Ripheus,
303 2729 362 2791 hoc
382 2729 446 2808 ipse
468 2730 575 2810 Dymas
595 2733 750 2810 omnisque
770 2731 905 2793 iuventus

56 2812 131 2875 faeta
152 2812 237 2882 facit;
260 2811 361 2891 spoliis
381 2830 413 2875 se
434 2814 559 2893 quisque
579 2815 748 2876 recentibus
768 2822 870 2876 armat.

57 2896 189 2958 vadimus
207 2897 320 2958 inmixti
340 2895 448 2958 Danais
469 2897 550 2960 haud
567 2899 689 2960 numine
710 2905 826 2969 nostro,

57 2979 206 3060 multaque
227 2998 281 3059 per
303 2998 422 3042 caecam
444 2985 596 3060 congressi
615 2981 727 3061 proelia
747 2989 865 3044 noctem

58 3065 255 3136 conserimus,
278 3063 385 3126 multos
409 3063 541 3126 Danaum
561 3065 739 3126 demittimus
761 3064 848 3127 Orco.

58 3148 212 3226 diffugiunt
233 3147 281 3209 alii
301 3148 339 3210 ad
360 3150 441 3210 naris
463 3156 493 3211 et
510 3148 597 3211 litora
618 3166 724 3232 cursu

56 3233 115 3294 dda
135 3238 253 3311 petunt,
276 3251 345 3313 pars
366 3235 516 3314 ingentem
537 3233 693 3296 formidine
713 3234 792 3312 turpi

56 3315 202 3378 scandunt
222 3334 326 3379 rursus
348 3336 435 3380 ecum
455 3327 485 3381 et
503 3325 574 3380 nota
596 3319 763 3380 conduntur
776 3318 808 3378 in
829 3315 903 3380 alvo.

98 3399 164 3462 lieu
185 3400 258 3460 nihil
278 3400 374 3463 inritis
395 3402 440 3464 fas
462 3420 640 3483 quemquam
661 3403 753 3464 fidere
775 3401 859 3463 diost

57 3501 128 3545 ecce
147 3483 321 3545 trahebatur
341 3486 436 3563 passis
457 3487 601 3549 Priameia
622 3488 706 3564 virgo
981 3527 984 3535 .

57 3564 189 3630 cnutus
211 3585 228 3628 a
249 3567 370 3647 templo.
383 3568 545 3631 Cassandra
567 3571 719 3652 adytisque
739 3568 900 3639 llinervae.
