2512 4096
461 272 603 320 vnnomr
619 274 744 323 suumn
759 275 796 322 11
1070 264 1131 326 307

127 432 204 488 banc
225 426 349 504 patriam
369 444 513 505 peperere
536 445 600 495 suo,
625 428 762 488 decorate
784 429 930 506 supremis
1099 437 1132 486 to

126 508 308 579 muneribus,
329 515 528 586 maestamque
549 509 679 570 Euandri
698 510 812 588 primus
832 511 869 570 ad
891 511 995 572 urbem

126 595 258 654 mittatur
279 591 381 662 Pallas,
404 609 492 670 quem
515 610 572 653 non
595 593 710 653 virtutis
733 600 866 670 egentem

126 674 245 737 abstubt
266 683 328 735 atra
350 675 413 736 dles
434 683 464 736 ct
482 676 587 736 funere
607 675 710 736 mersit
731 675 859 737 acerbo!

169 758 217 820 Sic
239 759 280 819 ait
297 758 485 819 inlacrimans
507 759 670 839 recipitque
687 760 724 820 ad
740 758 839 820 limina
861 777 1002 838 gressum,

125 860 234 921 corpus
251 841 302 903 ubi
323 842 450 904 exanimi
469 843 597 922 positum
615 842 752 903 Pallantis
770 844 894 903 Acoetes

124 925 259 988 servabat
279 926 388 997 sanior,
411 926 462 1004 qul
482 924 639 987 Parrhasio
657 925 795 988 Euandro

124 1011 252 1087 armiger
274 1009 422 1079 emeruit,
446 1009 575 1070 sednon
598 1008 731 1070 felicibus
753 1028 847 1088 aeque

125 1100 186 1153 tum
210 1109 313 1153 comes
329 1093 466 1172 auspiciis
486 1110 556 1154 caro
578 1092 663 1154 datus
679 1092 741 1153 ibat
761 1092 888 1155 alumno.

124 1176 237 1237 circum
258 1175 352 1235 omnis
374 1175 574 1254 summumque
595 1194 699 1238 manus
721 1177 906 1256 Troianaque
924 1173 1009 1237 turba

125 1265 154 1319 et
175 1265 319 1319 maestum
341 1257 445 1319 Iliades
467 1260 578 1320 crinem
600 1260 637 1320 de
656 1276 740 1320 more
764 1260 884 1320 solutae.

125 1348 157 1402 ut
179 1359 248 1402 vero
270 1343 382 1403 Aeneas
403 1341 517 1402 toribus
536 1359 600 1403 sese
622 1341 719 1403 intulit
737 1341 811 1413 altis,

123 1426 272 1502 ingentem
293 1427 432 1501 gemitum
455 1425 548 1486 tunsis
571 1425 607 1486 ad
628 1425 725 1486 sidera
744 1425 849 1485 tollunt

122 1507 300 1587 pectoribus,
323 1517 494 1587 maestoque
512 1509 636 1588 inmugit
653 1511 735 1586 regia
757 1507 846 1570 luctu.

123 1592 187 1670 ipse
210 1598 299 1670 caput
319 1591 395 1653 nivei
416 1590 523 1653 fultum
544 1591 680 1653 Pallantis
702 1599 731 1653 et
752 1610 803 1652 ora

122 1680 156 1735 ut
176 1674 247 1734 vidit
266 1673 383 1752 levique
400 1682 503 1752 patens
524 1677 554 1735 in
575 1683 695 1753 pectore
715 1674 817 1736 volnus

122 1756 249 1835 cuspidis
266 1759 420 1830 Ausoniae,
442 1757 572 1820 lacrimis
593 1762 632 1820 ita
651 1759 728 1820 fatur
750 1758 871 1821 obortis.

122 1841 217 1902 ‘tene’
238 1843 341 1920 inquit,
367 1843 545 1903 ‘miserande
567 1862 651 1922 puer,
673 1861 741 1904 cum
763 1842 837 1903 laeta
860 1844 979 1912 veniret,

121 1924 223 1985 invidit
241 1925 371 1986 Fortuna
393 1926 474 1997 mihi,
497 1944 536 1986 ne
557 1944 648 2004 regna
669 1925 783 1986 rideres

121 2014 221 2068 nostra
242 2025 339 2085 neque
359 2008 396 2068 ad
415 2008 500 2069 sedes
522 2009 614 2068 victor
633 2007 776 2073 veherere
796 2006 951 2085 paternas?

120 2107 181 2150 non
202 2090 276 2150 baec
298 2089 437 2150 Euandro
457 2090 494 2150 de
516 2097 544 2149 te
564 2092 710 2168 promissa
729 2090 843 2167 parenti
939 2107 949 2127 ·

121 2172 274 2233 discedens
295 2172 443 2242 dederam,
462 2189 528 2232 cum
550 2190 599 2232 me
619 2171 789 2250 complexus
808 2179 926 2232 euntem

122 2257 251 2317 mitteret
271 2257 301 2316 in
319 2270 459 2333 magnum
479 2255 637 2332 imperium
658 2262 850 2334 metuensque
870 2260 1003 2314 moneret

121 2341 196 2401 acris
219 2356 283 2400 esse
304 2339 392 2406 viros,
415 2354 483 2398 cnm
507 2337 581 2399 dura
597 2336 709 2418 proelia
727 2346 823 2416 gente.

121 2431 150 2484 et
170 2439 250 2482 nunc
267 2420 316 2482 ille
339 2419 459 2498 quidem
480 2438 534 2501 spe
555 2420 678 2482 multum
700 2428 802 2500 captus
822 2423 902 2483 inani

121 2506 182 2566 tore
204 2512 233 2566 et
248 2512 315 2564 rota
335 2503 405 2564 iacit
426 2503 612 2582 cumulatque
634 2504 735 2567 altaria
757 2506 859 2566 donis:
1092 2507 1127 2560 ad

123 2605 177 2647 nos
198 2587 334 2648 iuvenem
356 2588 523 2669 exanlmum
547 2595 576 2648 et
596 2587 637 2649 nil
659 2589 718 2648 iam
739 2585 911 2649 caelestibus
932 2586 998 2648 ullis

124 2668 280 2731 debentem
302 2686 376 2730 vano
398 2673 502 2731 maesti
525 2671 697 2732 comitamur
719 2669 844 2732 bonore.

122 2752 239 2821 infelix,
261 2753 322 2815 nati
343 2753 432 2814 lnnus
453 2753 574 2815 crudele
595 2753 726 2815 videbis!

122 2836 153 2895 bi
175 2838 270 2896 nostri
291 2835 404 2896 reditus
427 2839 628 2917 expectatique
650 2837 804 2915 triumpblt

122 2919 194 2977 baec
216 2935 282 2977 mea
303 2933 409 2992 magna
429 2918 511 2978 tides.
546 2927 576 2979 at
596 2936 672 2988 non,
695 2919 848 2986 Euandre,
872 2917 1015 2995 pudendis
1095 2927 1127 2974 oo

122 2998 292 3060 volneribus
312 2996 428 3075 pulsum
450 3001 572 3078 aspicies
594 3016 650 3060 nec
671 3002 781 3080 sospite
804 3001 902 3060 duum

122 3081 238 3161 optabis
259 3087 328 3142 nato
349 3083 437 3143 tuntas
459 3089 552 3159 pater.
587 3082 614 3141 ei
635 3082 719 3153 mibi,
743 3089 884 3160 quantum

123 3165 302 3245 praesidium
322 3167 449 3227 lusoria
473 3172 504 3236 et
524 3171 664 3242 quanmm
686 3173 718 3226 tu
740 3165 854 3246 perdis,
878 3165 970 3229 lulet’

165 3247 244 3309 llaec
264 3246 316 3308 ubi
338 3248 466 3320 deflerit,
490 3246 552 3308 tolli
574 3247 741 3311 miserabile
764 3267 872 3329 corpus

123 3335 249 3409 imperat
271 3337 299 3392 et
319 3338 382 3392 toto
403 3331 495 3393 lectos
518 3349 554 3392 ex
575 3333 690 3411 agmine
711 3334 800 3395 mittit
1091 3339 1126 3393 tio

122 3413 205 3478 mille
226 3415 312 3476 viros.
345 3417 394 3494 qui
415 3433 586 3557 supremum
608 3418 785 3480 comitentur
807 3416 950 3478 bonorem

122 3499 318 3578 intersintque
339 3499 430 3578 patris
463 3500 604 3570 acrumis,
627 3498 733 3562 solacia
755 3499 878 3562 luctus·

851 3593 921 3656 20*
