2512 4096
125 238 185 302 rte
466 251 608 299 vnoomr
630 251 754 300 inuris
770 252 793 297 v

124 408 217 468 fertur
239 409 269 465 in
290 422 359 466 arva
380 404 480 466 rolens
501 404 693 484 plausumque
715 406 852 466 exterrita
873 408 967 483 pinnis
1087 419 1142 474 ²15

124 489 173 550 dat
191 495 273 549 teoto
289 491 451 567 ingentem,
474 507 542 549 mox
566 495 634 550 aere
654 488 735 567 lapsa
755 491 854 566 quieto

124 572 201 634 radit
221 573 276 633 iter
296 572 439 651 liquidum
462 572 565 634 celeris
586 591 682 651 neque
704 581 868 632 commoret
884 573 959 633 alas:

124 656 166 716 sic
187 655 368 726 Mnestheus,
392 657 434 717 sic
456 659 520 734 ipsa
543 656 610 734 fuga
632 665 712 716 secat
730 654 831 716 ultima
850 656 950 716 Pristis

125 756 266 818 aequora,
290 739 332 800 sio
349 738 429 801 illam
449 741 507 801 fert
525 741 651 818 impetus
670 741 732 816 lpse
753 738 906 800 volantem.

125 831 154 882 et
171 823 299 903 primum
318 825 348 883 in
370 823 490 902 scopulo
509 823 667 883 luctantem
689 823 797 883 deserit
817 823 874 883 alto
1087 835 1140 886 rao

125 907 295 984 Sergestum
316 906 512 986 brevibusque
532 907 612 967 radis
633 907 800 984 frustraque
820 915 969 967 vocantem

123 989 229 1052 auxilia
247 1001 277 1051 et
296 991 396 1051 fractis
417 991 577 1052 discentem
598 1009 719 1051 currere
740 991 838 1050 remis.

124 1074 192 1136 inde
213 1074 294 1151 Gyan
316 1077 467 1154 ipsamque
488 1075 598 1152 ingenti
620 1073 697 1134 mole
720 1072 900 1133 Chimaeram

125 1160 328 1236 consequitur:
349 1158 439 1228 cedit,
462 1159 599 1237 quoniam
620 1157 741 1235 spoliata
759 1158 897 1233 magistro
919 1167 970 1217 est.

123 1240 203 1302 solus
222 1243 338 1319 iamque
361 1243 424 1327 ipso
446 1250 580 1320 superest
602 1244 633 1302 in
653 1242 711 1303 line
729 1239 895 1301 Cloanthus.
1086 1254 1139 1306 ²25

124 1342 211 1402 quem
232 1325 304 1404 petit
325 1334 354 1385 et
372 1325 493 1387 summis
514 1326 637 1386 adnixus
659 1324 768 1396 viribus
790 1332 903 1399 urguet.

123 1422 186 1467 tum
206 1426 276 1468 vero
297 1410 456 1486 ingeminat
476 1409 603 1478 clamor,
624 1409 780 1487 cunctique
802 1416 971 1484 sequentem

123 1491 261 1567 instigant
278 1491 395 1562 studiis,
416 1502 592 1572 resonatque
615 1491 780 1569 fragoribus
801 1490 910 1551 aether.

123 1574 153 1635 hi
172 1576 325 1651 proprium
347 1576 436 1637 decus
455 1584 485 1637 ct
505 1587 621 1654 partum
642 1576 828 1654 indignantur
850 1573 991 1634 honorem

124 1658 153 1718 ni
175 1665 306 1728 teneant,
326 1661 470 1738 vitamque
483 1660 584 1720 volrmt
602 1678 657 1739 pro
677 1659 762 1721 laude
783 1658 904 1735 pacisci;
1084 1671 1139 1725 230

124 1742 177 1801 hos
199 1759 352 1803 successus
374 1741 437 1803 alit:
460 1751 596 1822 posstmt,
620 1744 686 1822 quia
708 1759 794 1821 posse
814 1741 956 1802 videntur.

124 1833 152 1887 et
174 1825 235 1885 fors
256 1826 387 1903 aequatis
412 1829 557 1905 cepissent
579 1828 708 1907 praemia
729 1825 845 1893 rostris,

123 1908 152 1968 ni
172 1907 282 1986 palmas
302 1919 392 1986 ponto
415 1912 537 1972 tendens
560 1920 698 1991 utrasque
720 1908 877 1970 Cloanthus

123 1993 302 2070 fudissetque
324 2009 427 2070 preces
451 1995 590 2074 dirosque
608 1997 636 2055 in
659 2002 724 2054 rota
746 2002 883 2053 vocasset.

124 2075 182 2144 ‘di,
200 2075 305 2153 quihus
320 2077 474 2154 imperium
491 2084 534 2139 est
546 2077 656 2156 pelagi,
674 2095 799 2157 quorum
814 2092 939 2151 aequora
958 2092 1061 2141 curro,
1085 2089 1139 2142 ‘235

121 2158 204 2219 robis
225 2157 319 2219 laetus
341 2178 395 2238 ego
417 2162 473 2221 hoc
496 2162 669 2223 candentem
688 2163 717 2220 in
735 2158 819 2221 litore
839 2166 953 2217 taurum

123 2243 295 2303 constituam
315 2250 384 2304 ante
405 2262 470 2305 aras
492 2246 551 2306 voti
571 2263 640 2306 reus
663 2253 786 2323 extaque
808 2240 898 2302 salsos

122 2325 261 2403 proiciam
284 2327 311 2384 in
332 2326 438 2388 fluetus
461 2336 489 2388 et
511 2329 577 2389 vina
598 2329 736 2407 liquentia
756 2323 899 2387 fundam.'

122 2409 206 2473 dixit,
230 2428 355 2487 eumque
378 2413 443 2471 imis
465 2412 520 2473 suh
540 2411 676 2472 fluctibns
698 2411 788 2470 audiit
809 2409 903 2469 omnis

121 2491 278 2553 Nereidum
300 2493 465 2573 Phorcique
488 2496 595 2556 chorus
616 2497 811 2574 Panopeaque
829 2494 923 2569 virgo,
1085 2507 1139 2559 240

122 2582 151 2635 et
172 2581 255 2652 pater
277 2577 339 2652 ipse
362 2595 449 2637 manu
470 2595 575 2655 magna
594 2579 741 2640 Portunus
762 2583 878 2637 euntem

120 2657 250 2736 impulit:
274 2658 320 2718 illa
343 2667 412 2719 noto
435 2663 518 2722 citius
538 2662 707 2740 volucrique
728 2661 831 2737 sagitta

121 2742 157 2801 ad
177 2749 284 2802 terram
307 2743 427 2820 fugitet
448 2754 535 2822 portu
557 2765 587 2806 se
611 2744 739 2805 condidit
762 2741 829 2802 alto.

121 2833 182 2885 tum
202 2832 280 2885 satus
297 2827 423 2887 Anchisa
446 2832 557 2890 cunctis
579 2850 613 2890 ex
635 2845 718 2888 more
739 2825 847 2887 vocatis

119 2909 260 2969 victorem
279 2926 383 2987 magna
404 2915 559 2989 praeconis
580 2930 651 2973 voce
672 2910 845 2971 Cloanthum

120 2989 248 3051 declarat
271 2992 412 3071 viridique
433 2995 544 3057 advelat
566 3003 699 3073 tempora
721 2994 818 3062 lauro,

120 3092 301 3154 muneraque
323 3078 352 3136 in
374 3081 454 3140 navis
473 3089 573 3141 ternos
596 3087 697 3156 optare
717 3080 854 3139 iuvencos

119 3159 242 3235 vinaque
265 3168 293 3219 et
316 3164 429 3237 argenti
449 3180 587 3241 magnum
609 3162 657 3222 dat
679 3162 757 3222 ferre
778 3159 926 3221 talentum.

118 3240 188 3318 ipsis
209 3245 382 3320 praecipuos
403 3245 574 3306 ductoribus
596 3244 675 3304 addit
696 3242 840 3303 honores:

118 3324 220 3384 victori
242 3325 423 3406 chlamydem
442 3333 588 3394 auratam,
613 3343 699 3402 quam
720 3324 846 3402 plurima
863 3328 972 3389 circum
1081 3341 1138 3395 teo

118 3424 249 3485 purpura
268 3411 426 3470 maeandro
448 3406 556 3485 duplici
578 3407 718 3467 illeliboea
741 3412 884 3480 cucurrit,

117 3491 302 3570 intextusque
323 3509 398 3571 puer
419 3489 556 3550 frondosa
578 3492 676 3566 regius
698 3491 747 3552 lda
