2504 4094
380 281 525 331 veneror
544 256 669 330 neurus
685 284 708 326 r
991 269 1052 331 179

35 439 209 517 obstipuere
231 439 334 498 animi:
356 446 504 498 tantorum
525 439 654 513 ingentia
676 445 787 512 septem

34 536 121 600 terga
142 522 232 583 bourn
251 521 373 600 plumbo
394 524 491 582 insuto
512 519 650 599 ferroque
671 518 815 597 rigebant
1001 530 1052 583 405

36 617 106 666 ante
128 607 223 665 omnis
244 612 342 681 stupet
361 606 426 682 ipse
447 605 537 665 Dares
558 603 704 682 longeque
726 610 856 670 recusam

36 689 300 767 magnanimusque
324 688 513 750 Anchisiades
537 696 567 748 et
586 688 701 764 pondus
723 695 753 747 et
773 688 835 764 ipsa

37 773 99 832 huc
119 770 188 831 illuc
208 771 371 832 vinclorum
388 773 521 831 inmensa
543 770 688 832 volumina
709 777 815 831 versat.

38 863 103 916 tum
125 855 224 916 senior
243 853 308 915 tahs
328 854 475 915 referebat
490 863 610 933 pectore
632 872 735 916 voees:

39 937 141 1016 ‘quid,
166 938 256 1015 siquis
278 946 392 999 caestus
413 941 503 1015 ipsius
526 946 556 999 et
574 938 709 998 Herculis
730 954 811 997 arina
1001 945 1054 997 410

38 1022 156 1083 vidisset
177 1022 350 1099 tristemque
371 1021 428 1082 hoc
449 1023 513 1100 ipso
535 1024 565 1081 in
586 1020 672 1081 litore
693 1022 841 1100 pugnarn?

37 1105 113 1165 haec
134 1120 292 1182 germanus
314 1104 393 1184 Eryx'
413 1105 560 1182 quondam
578 1115 647 1164 tuus
670 1122 751 1165 arma
773 1103 893 1181 gerebat

40 1189 191 1267 (sanguine
211 1188 307 1248 cernis
329 1188 425 1247 adhuc
446 1206 607 1265 sparsoque
627 1189 735 1249 inlecta
758 1186 907 1263 cerebro).

32 1269 86 1331 ⁴his
108 1287 248 1348 magnum
269 1269 389 1330 Alciden
411 1277 512 1330 contra
536 1273 628 1339 stetit,
650 1273 696 1331 his
718 1288 773 1347 ego
792 1277 905 1330 suetus.

38 1355 111 1416 durn
132 1352 235 1414 mehor
258 1355 327 1413 viris
344 1355 461 1431 sanguis
483 1354 569 1414 dabat
590 1352 703 1415 aemula
725 1352 874 1414 necdum·
1002 1362 1053 1415 415

37 1436 223 1514 temporibus
244 1437 368 1513 geminis
390 1437 513 1497 canebat
535 1455 635 1516 sparsa
658 1443 801 1498 senectus.

38 1521 91 1583 sed
106 1523 131 1579 sl
152 1526 253 1580 uostra
275 1520 365 1580 lieres
388 1520 462 1582 haec
483 1521 590 1581 Troius
611 1539 692 1582 arma
713 1529 830 1582 recusat

38 1605 129 1682 ‚dque
150 1604 199 1680 pio
219 1603 301 1664 sodet
322 1606 451 1674 Aeneae,
474 1605 581 1683 probat
602 1613 704 1666 auctor
726 1607 856 1670 Acestes,

39 1703 201 1764 aequemus
221 1705 344 1765 pugnas.
389 1688 490 1767 Erycis
509 1689 562 1748 tihi
583 1699 666 1766 terga
688 1690 803 1749 remitto

41 1768 133 1849 (solve
153 1772 274 1849 metus),
295 1780 324 1831 et
344 1779 376 1831 tu
397 1771 541 1832 Troianos
563 1792 637 1833 exue
659 1768 796 1833 caesius·
1002 1777 1054 1828 tio

39 1855 116 1914 haec
139 1853 214 1912 latus
233 1854 378 1931 duplicem
401 1873 437 1914 ex
458 1857 567 1915 umeris
588 1858 690 1916 reiecit
709 1856 848 1914 amictum

41 1944 71 1998 et
92 1953 214 2014 magnos
234 1937 436 1998 membrorum
458 1948 553 2005 artus,
576 1956 681 2015 magna
703 1955 768 1996 ossa
789 1934 973 2010 lacertosque

41 2021 122 2081 exuit
139 2025 225 2098 atque
246 2022 350 2098 ingens
370 2020 464 2080 media
487 2023 618 2080 consistit
638 2021 758 2080 harena.

41 2112 105 2164 tum
127 2110 207 2162 satus
227 2104 353 2163 Anchisa
375 2111 489 2163 caestus
511 2112 593 2179 pater
614 2102 715 2163 extulit
733 2117 856 2178 aequos,

41 2196 71 2248 et
91 2185 213 2264 paribus
234 2186 346 2262 palmas
368 2185 522 2245 ambonun
542 2187 673 2246 innexuit
694 2186 793 2244 armis.
1004 2189 1055 2243 tib

42 2271 170 2331 constitit
191 2271 221 2329 in
246 2269 350 2346 digitos
372 2269 517 2344 extemplo
536 2279 667 2328 arrectus
685 2278 809 2345 uterque

41 2354 239 2431 bracchiaque
260 2352 297 2412 ad
319 2369 442 2429 superas
461 2353 610 2413 interritus
631 2351 733 2412 extulit
753 2368 848 2410 auras.

41 2436 193 2497 abduxere
215 2444 294 2497 retro
312 2436 400 2513 longe
422 2437 517 2513 capita
539 2437 630 2496 ardua
652 2435 688 2494 ab
710 2436 768 2496 ictu

41 2521 255 2598 inmiscentque
277 2538 380 2580 manus
401 2519 550 2587 manibus,
572 2537 760 2597 pugnamque
781 2518 939 2584 lacessunt,

41 2603 91 2664 ille
109 2603 218 2680 pedum
238 2603 342 2665 melior
363 2611 445 2664 motu
470 2605 620 2681 fretusque
641 2606 772 2671 iuventa,
1005 2609 1057 2667 430

43 2686 91 2746 hic
110 2687 251 2748 membris
272 2695 302 2748 et
322 2686 401 2749 mole
421 2687 535 2755 valens;
560 2688 612 2748 sed
633 2688 716 2746 tarda
736 2686 874 2748 trementi

43 2786 139 2847 genua
160 2768 272 2838 labant,
293 2777 388 2830 vastos
410 2773 502 2848 quatit
522 2788 610 2847 aeger
632 2771 776 2831 anhelitus
798 2778 887 2831 artus.

43 2851 135 2913 multa
151 2853 207 2910 riri
226 2855 404 2930 nequiquam
425 2855 501 2914 inter
520 2872 553 2913 se
573 2854 693 2915 volnera
714 2857 835 2918 iactant.

44 2933 135 2994 multa
153 2951 223 2993 cavo
238 2934 323 2994 lateri
340 2936 520 3011 ingeminant
537 2944 567 2996 et
586 2946 705 3012 pectore
725 2945 822 2997 vastos

44 3018 115 3078 dant
135 3017 261 3084 sonitus,
285 3026 422 3093 erratque
444 3019 523 3077 auris
546 3028 575 3078 et
593 3027 727 3095 tempora
743 3023 855 3080 circum
1006 3023 1058 3079 ssu

45 3099 150 3162 crebra
172 3116 289 3168 manus,
308 3100 383 3160 duro
406 3102 549 3177 crepitant
569 3101 624 3161 suh
645 3100 764 3160 volnere
786 3101 887 3162 malae.

45 3191 103 3244 stat
123 3185 219 3260 gravis
238 3182 369 3245 Entellus
390 3184 514 3261 nisuque
533 3187 661 3245 inmotus
684 3184 800 3248 eodem.

45 3280 171 3343 corpore
192 3267 247 3327 tela
268 3269 356 3328 modo
379 3276 467 3346 atque
488 3268 581 3328 oculis
600 3267 785 3344 vigilantibus
808 3269 872 3326 exit.

44 3350 109 3420 ille,
131 3349 210 3411 velut
230 3349 339 3412 celsam
357 3360 508 3431 oppugnat
529 3355 578 3430 qui
600 3350 726 3411 molibus
746 3351 850 3411 urbem

45 3442 96 3496 aut
118 3439 255 3494 montana
276 3435 358 3495 sedet
378 3437 489 3496 circum
510 3435 626 3496 castella
646 3434 700 3496 sub
721 3438 824 3503 armis,
960 3466 963 3471 ·
1009 3441 1059 3492 440

46 3536 125 3580 nunc
146 3518 216 3585 hos,
239 3534 318 3578 nunc
338 3514 403 3576 illos
424 3519 532 3587 aditus,
554 3537 730 3595 omnemque
750 3527 885 3595 pererrat

797 3618 857 3676 12*
