2512 4096
310 40 326 70 V
336 39 410 84 ΜΨ
426 39 442 54 ”
539 39 653 131 ww!
662 39 746 92 {W

395 277 538 326 vanum
558 278 682 326 Annum
699 278 753 326 1111

61 435 119 491 iata
141 431 270 502 obstant,
293 430 480 511 placidasque
501 433 555 492 riri
577 433 650 494 deus
672 431 797 493 obstruit
819 411 937 507 attrisffh‘

62 533 97 575 ac
118 514 197 576 velut
216 532 326 575 annoso
347 514 471 576 validam
491 534 559 576 cum
580 514 688 576 robore
714 533 856 595 quercum

62 596 157 675 hlpini
174 598 283 660 boreae
304 616 383 658 nunc
404 597 473 659 hinc
494 617 573 660 nunc
593 598 710 660 ilatibus
732 598 811 660 illinc

63 699 168 742 eruere
190 684 265 743 inter
285 700 317 741 se
336 688 463 750 certant:
487 683 508 742 n
528 683 652 752 stridor,
677 689 705 744 et
728 682 801 744 altae

63 772 255 826 consternunt
277 774 388 826 terram
410 783 552 827 concusso
572 769 668 846 stipite
689 766 824 842 lroudes;

60 851 123 926 ipsa
144 848 246 910 haeret
267 847 394 930 scopulis
415 856 444 910 et
465 857 605 929 quantum
626 851 734 912 vertice
756 851 793 912 ad
814 868 899 911 auras

61 931 220 1003 aetherias,
244 939 357 994 tantum
379 932 478 994 radice
500 935 529 994 in
550 934 672 994 Tartara
694 934 800 995 tendit:

60 1016 131 1075 haut
153 1034 238 1077 secus
261 1017 389 1077 adsiduis
410 1017 479 1078 hinc
498 1023 584 1096 atque
606 1018 675 1078 hinc
696 1016 817 1097 vecibus
838 1017 926 1079 heros

61 1098 192 1161 tunditur
214 1107 242 1160 et
262 1118 368 1179 magno
389 1101 531 1180 persentit
552 1107 672 1179 pectore
694 1119 793 1171 curas,

60 1199 144 1242 mens
165 1184 285 1245 immota
306 1191 418 1252 manet;
440 1183 579 1246 lacrimae
598 1184 751 1245 volvontur
771 1187 880 1246 inanes.
896 1197 915 1263 ‘q

103 1265 178 1327 Tum
200 1286 270 1327 vero
294 1265 393 1327 infelix
412 1268 478 1328 latis
501 1270 638 1329 exterrita
658 1269 731 1330 Dido

60 1356 186 1410 mortem
207 1359 284 1411 orat:
309 1350 405 1411 taedet
426 1350 497 1411 caeli
515 1370 643 1413 convexa
662 1353 748 1412 tueri.
776 1395 795 1406 ,-

61 1450 119 1510 quo
141 1434 235 1512 magis
256 1436 544 1513 inceptumpcragat
564 1435 718 1514 lucemque
738 1435 894 1513 relinquat,

60 1515 146 1585 ridit,
169 1515 336 1580 turicremis
359 1536 426 1580 cum
449 1518 524 1578 dona
544 1520 697 1596 inponeret
717 1520 775 1579 aris

61 1597 253 1678 (horrendum
275 1601 380 1681 dictu),
403 1601 502 1663 latices
523 1604 689 1680 nigrescere
711 1620 811 1663 sacros

60 1681 183 1761 iusaque
206 1686 235 1744 in
258 1685 419 1747 obscenum
440 1704 471 1746 se
492 1693 607 1746 vertere
629 1687 693 1746 vina
716 1705 862 1747 cruorem.

60 1765 118 1826 hoo
139 1769 232 1828 risum
252 1767 336 1838 nulli,
359 1787 418 1830 non
434 1769 488 1847 ipsi
510 1769 594 1830 effata
615 1770 771 1842 sororini»

60 1859 214 1927 praeterea
236 1852 290 1912 fuit
311 1854 443 1914 intectis
466 1853 502 1914 de
523 1871 671 1914 marmore
692 1851 831 1930 templum

63 1935 193 2011 coniugis
215 1937 340 2014 antiqui,
364 1939 439 1996 miro
462 1936 540 2014 quod
562 1936 676 1996 honore
697 1934 824 2004 colebat,

61 2014 217 2076 velleribus
240 2020 329 2079 niveis
350 2026 379 2079 et
400 2020 472 2079 iesta
497 2019 600 2080 fronde
623 2018 843 2125 revinctum&

62 2098 131 2157 hino
154 2100 284 2160 exaudiri
305 2119 390 2163 voces
413 2111 442 2161 et
463 2102 552 2178 verba
576 2102 704 2161 vocantis

61 2183 121 2252 risa
142 2182 210 2250 viri,
233 2199 292 2263 nox
312 2201 378 2245 curn
396 2192 490 2258 terras
513 2183 638 2262 obscura
656 2186 781 2266 teneret,

61 2261 183 2342 solaque
206 2263 381 2326 culminibus
402 2265 484 2326 ierali
507 2267 635 2325 carmine
656 2265 737 2340 bubo

61 2366 149 2426 saepe
172 2349 256 2426 queri
282 2356 311 2409 et
328 2348 429 2425 longas
451 2350 481 2409 in
501 2347 602 2424 iletum
625 2349 737 2410 ducere
759 2367 859 2418 voces;

60 2430 211 2508 multaque
234 2439 387 2508 praeterea
410 2440 506 2508 vatum
526 2433 672 2509 praedicta
692 2434 810 2510 piorum

61 2514 184 2576 terribili
205 2517 316 2577 monitu
339 2515 517 2576 horrificant.
561 2517 620 2592 agit
641 2517 703 2594 ipse
722 2516 866 2578 furentem

59 2601 90 2659 in
113 2599 222 2658 somnis
241 2600 320 2660 ierus
341 2601 454 2661 Aeneas
461 2619 468 2668 ;
491 2616 667 2679 semperque
687 2600 811 2679 relinqui

60 2680 123 2741 sola
142 2682 209 2751 sibi,
232 2701 349 2761 semper
370 2682 486 2762 longam
509 2684 675 2744 incomitata
694 2685 806 2745 videtur

60 2767 104 2825 ire
120 2764 195 2825 viam
218 2775 246 2826 et
267 2766 370 2846 Tyrios
388 2768 500 2828 deserta
526 2785 667 2845 quaerere
686 2775 774 2828 tarra.

60 2847 254 2909 Eumenidum
276 2850 362 2911 veluti
385 2851 504 2911 demens
528 2850 603 2911 videt
624 2854 739 2927 agmina
760 2851 907 2913 Pentheus

61 2939 90 2990 et
108 2929 200 2990 solem
223 2935 371 3009 geminum
395 2941 423 2993 et
443 2918 566 3012 duplicis
587 2952 619 2994 so
642 2935 796 2995 ostendere
816 2934 947 3004 Thebas,

61 3021 111 3074 aut
133 3014 377 3090 Agamemnonius
398 3017 511 3076 scaenis
534 3017 657 3097 agitatus
680 3017 797 3078 Orestes

60 3107 202 3157 armatam
225 3098 336 3159 lacibus
357 3107 479 3159 matrem
503 3107 531 3161 et
552 3100 737 3178 serpentibus
757 3107 826 3161 atris

61 3199 127 3240 cum
150 3180 238 3257 fugit,
262 3180 439 3263 ultricesque
461 3183 564 3244 sedent
584 3185 614 3244 in
635 3181 733 3245 limine
755 3184 849 3246 Dirae.

101 3262 182 3341 Ergo
205 3264 255 3326 ubi
276 3269 410 3346 concepit
430 3267 520 3327 furias
544 3268 634 3328 evicta
654 3265 755 3328 dolore

62 3347 249 3427 decrevitque
271 3353 361 3420 mori,
384 3359 500 3430 tempus
519 3369 620 3412 secum
639 3352 701 3430 ipsa
715 3351 895 3432 modumque

61 3431 149 3509 exigit
170 3440 198 3492 et
219 3440 360 3494 maestam
381 3433 464 3493 dictis
487 3434 624 3513 adgressa
644 3451 777 3495 sororem

62 3513 213 3576 consilium
233 3515 311 3575 voltu
332 3518 401 3594 tegit
423 3535 457 3576 ao
480 3534 560 3594 spem
582 3516 678 3578 ironte
700 3527 829 3578 serenat:

129 3630 260 3675 exaneda,
280 3630 393 3667 vanarn.
824 3615 860 3676 11

987 268 1072 331 ior

1024 441 1076 497 m
1125 447 1161 475 *a

1027 506 1041 545 fi
1062 536 1072 543 .-

1023 548 1042 565 ‘s

1023 3361 1075 3415 475
