2512 4096
193 257 253 320 250
514 268 653 322 venerut
675 267 800 316 tauers
823 269 886 316 vui

196 423 305 484 viribus
326 422 491 484 indubitare
513 421 591 483 tuis?
623 442 658 483 ea
679 422 768 484 verba
784 423 898 484 locutus

194 512 308 586 optatos
332 507 411 567 dedit
432 505 583 584 amplexus
604 505 810 587 placidumque
829 508 930 586 petivit

193 592 325 668 coniugis
345 590 459 650 inlusus
478 590 590 667 gremio
608 607 662 668 per
678 590 811 651 membra
832 608 979 668 soporem.

235 674 306 735 inde
329 672 381 734 ubi
400 675 495 752 prima
517 674 600 751 quies
622 674 717 735 medio
739 675 796 734 iam
818 673 918 734 Noctis
939 674 1059 735 abactae

194 756 341 819 curriculo
361 757 513 836 expulerat
533 775 679 829 somnum,
699 776 765 818 cum
785 758 893 819 femina
912 760 1050 837 primtmr.

195 844 242 903 cui
261 840 389 902 tolerare
412 839 476 901 colo
498 842 586 902 vitam
606 843 744 920 tenuique
764 842 892 903 Minerva

194 926 371 1005 impositum,
397 926 526 986 cinerem
549 932 579 986 et
599 927 708 1003 sopitos
730 927 851 986 suscitat
872 927 965 1003 ignes,

195 1016 311 1070 noctem
334 1008 445 1069 addens
464 1009 557 1088 operi,
580 1008 761 1087 famulasque
780 1009 816 1070 ad
838 1008 947 1070 lumina
963 1007 1051 1087 longo

195 1098 313 1154 exercet
334 1109 436 1171 penso,
460 1099 572 1154 castum
594 1101 627 1152 ut
646 1110 764 1154 servare
785 1091 881 1154 cubile

197 1177 329 1255 coniugis
351 1184 380 1237 et
398 1176 489 1255 possit
509 1193 616 1256 parvos
639 1176 765 1238 educere
787 1183 886 1237 natos:

195 1260 267 1321 haut
284 1277 369 1321 secus
387 1260 553 1337 ignipotens
571 1278 627 1321 nec
647 1270 781 1339 tempore
803 1261 921 1338 segnior
943 1258 992 1318 illo

196 1342 333 1404 mollibus
352 1362 368 1404 e
389 1344 488 1404 stratis
509 1362 599 1422 opera
621 1344 658 1404 ad
678 1343 795 1404 fabrilia
816 1344 917 1420 surgit.

196 1427 289 1487 insula
312 1425 460 1488 Sicanium
481 1428 560 1488 iuxta
582 1426 657 1488 latus
678 1426 865 1507 Aeoliamque

197 1511 318 1587 erigitur
340 1509 475 1587 Liparen,
498 1511 678 1573 fumantibus
700 1511 789 1572 ardua
814 1511 899 1579 saxis,

198 1611 284 1671 quam
307 1601 408 1673 supter
427 1611 533 1673 specus
553 1604 581 1654 et
598 1593 760 1674 Cyclopum
780 1612 866 1656 exesa
885 1593 1005 1653 caminis

196 1683 279 1738 antra
299 1676 427 1738 Aetnaea
448 1683 550 1737 tonant
571 1677 715 1757 validique
734 1678 888 1740 incudibus
908 1678 982 1736 ictus

196 1760 285 1822 auditi
307 1759 441 1822 referunt
461 1762 586 1839 gemitus
607 1762 792 1840 striduntque
814 1760 947 1821 cavernis
1062 1792 1064 1796 ·

195 1846 350 1906 stricturae
370 1843 529 1923 Chalybum
552 1852 581 1906 et
598 1844 767 1906 fornacibus
783 1844 859 1923 ignis
882 1841 1007 1911 anhelat,

195 1927 313 1990 Volcani
331 1928 434 1989 domus
458 1936 487 1989 et
507 1927 644 1990 Volcania
663 1929 781 1989 nomine
803 1926 897 1988 tellus.

194 2011 252 2072 boc
271 2018 342 2072 tunc
362 2013 527 2091 ignipotens
550 2011 630 2074 caelo
652 2010 802 2074 descendit
822 2011 858 2072 ab
882 2009 949 2072 alto.

195 2094 308 2157 ferrum
330 2094 509 2158 exercebant
532 2103 611 2157 vasto
631 2095 772 2176 Cyclopes
793 2096 823 2156 in
843 2103 936 2162 antro,

194 2179 378 2259 Brontesque
401 2179 598 2259 Steropesque
621 2187 650 2241 et
668 2180 766 2241 nudus
784 2178 917 2241 membra
935 2178 1107 2257 Pyracmon.

194 2262 240 2321 bis
260 2263 450 2324 informatum
471 2263 607 2325 manibus
629 2267 686 2324 iam
710 2272 793 2340 parte
810 2261 900 2343 polita

194 2346 304 2406 tulmen
328 2353 400 2415 erat,
421 2354 482 2407 toto
505 2349 618 2425 genitor
642 2365 717 2424 quae
738 2346 866 2426 plurima
887 2344 968 2407 caelo

194 2429 282 2489 deicit
301 2432 330 2488 in
352 2437 458 2502 terras,
481 2449 550 2509 pars
571 2430 734 2509 inperfecta
755 2430 901 2491 manebat.

193 2513 247 2572 tris
268 2512 370 2574 imbris
392 2515 460 2573 torti
482 2514 588 2583 radios,
612 2515 665 2573 tris
685 2512 772 2572 nubis
794 2531 920 2592 aquosae

194 2596 374 2665 addiderant,
393 2594 473 2657 rutili
492 2599 545 2656 tris
564 2597 639 2674 ignis
662 2602 691 2658 et
711 2595 785 2656 alitis
808 2598 914 2658 ausui:

194 2678 323 2757 fulgores
343 2697 423 2740 nunc
444 2679 587 2741 terrificos
612 2679 799 2756 sonitumque
822 2687 992 2757 metumque

193 2761 356 2823 miscebant
376 2764 460 2840 operi
478 2761 660 2840 flammisque
682 2760 859 2842 sequacibus
880 2763 949 2822 iras.

193 2851 277 2925 parte
297 2844 351 2906 alia
372 2845 457 2906 blarti
479 2863 658 2924 currumque
679 2853 819 2927 rotasque
840 2845 967 2907 volucris

194 2926 351 3001 instabant,
374 2928 480 3008 quibus
500 2927 548 2990 ille
568 2930 656 3000 viros,
678 2930 784 3008 quibus
808 2931 913 2992 excitat
934 2929 1038 2997 urbes:

194 3014 354 3093 aegidaque
376 3013 562 3084 lrorriieram,
583 3014 719 3076 turbatae
740 3014 865 3076 Palladis
888 3032 978 3083 arma,

194 3099 327 3158 certatim
349 3099 478 3176 squamis
500 3107 669 3178 serpentum
694 3117 824 3179 auroque
846 3096 978 3176 polibant

194 3199 381 3260 conexosque
402 3183 505 3258 anguis
527 3183 679 3261 ipsamque
703 3184 732 3242 in
754 3189 874 3260 pectore
899 3179 981 3242 divae

194 3265 340 3342 Gorgona,
363 3266 479 3327 desecto
499 3272 659 3326 vertentem
682 3264 792 3326 lumina
813 3264 896 3326 collo.

194 3346 298 3409 ‘tollite
322 3349 440 3410 cuncta’
460 3348 554 3427 inquit
577 3356 772 3426 ‘coeptusque
794 3349 906 3410 auferte
924 3347 1050 3416 labores,

195 3433 312 3493 Aetnaei
335 3431 484 3512 Cyclopes,
505 3438 534 3494 et
554 3431 614 3492 buc
636 3432 777 3494 advertite
798 3441 942 3494 mentem:

195 3533 273 3576 arma
294 3516 355 3577 acri
380 3514 512 3578 iacienda
534 3516 606 3576 viro.
639 3532 719 3577 nunc
740 3516 850 3578 viribus
872 3534 952 3586 usus,
