2512 4096
117 260 158 320 ot
408 266 551 315 venenu
573 265 776 315 usoncrcou
796 266 837 314 111

117 427 265 485 intereunt
286 422 429 503 pecudes,
453 430 530 482 stant
552 421 728 482 circumfusa
749 421 862 499 pruinis

119 525 242 586 corpora
265 523 370 582 magna
391 505 496 575 boum,
520 506 710 584 consertoque
732 505 847 582 agmine
869 505 949 565 cervi

119 600 237 668 torpent
259 590 335 650 mole
357 606 432 649 nova
455 598 484 649 et
504 590 625 649 summis
646 590 693 648 vix
715 587 854 649 cornibus
876 595 987 650 extant.

118 675 174 735 hos
195 692 256 733 non
277 674 413 734 immissis
436 671 570 742 canibus,
592 690 653 731 non
675 672 805 733 cassibus
827 670 894 732 ullis

120 759 297 836 puniceaeve
320 759 429 836 agitant
450 756 570 834 pavidos
592 755 747 816 formidine
769 757 884 833 pinnae,

118 841 170 904 sed
186 843 293 902 frustra
316 842 482 919 oppositum
504 839 649 900 trudentis
669 846 790 918 pectore
811 847 943 900 montem

120 927 283 986 comminus
306 924 483 985 obtruncant
505 924 598 992 lerro,
622 923 809 1001 graviterque
830 922 965 985 rudentis

120 1010 258 1078 caedunt,
282 1017 311 1070 et
332 1025 438 1086 magno
462 1008 529 1068 laeti
544 1005 672 1068 clamore
693 1013 854 1084 reportant.
1082 1015 1125 1073 att

119 1094 174 1172 ipsi
196 1094 225 1153 iu
248 1093 370 1154 defossis
392 1091 540 1170 specubus
561 1108 665 1152 secura
687 1090 742 1151 snb
764 1089 822 1151 alta

119 1179 177 1238 otia
199 1184 290 1256 agunt
310 1184 404 1246 terra,
429 1183 626 1253 congestaque
647 1174 756 1235 robora
777 1181 911 1253 totasque

118 1260 273 1323 advolvere
295 1259 368 1320 iocis
389 1259 485 1320 ulmos
507 1259 626 1336 ignique
647 1258 765 1319 dedere.

119 1343 168 1404 bic
190 1351 307 1405 noctem
329 1344 398 1404 ludo
421 1343 545 1410 ducunt,
570 1349 598 1402 et
619 1341 725 1419 pocula
746 1340 813 1403 laeti

119 1429 264 1488 fermento
286 1434 373 1506 atque
395 1427 485 1487 acidis
507 1426 656 1486 imitantur
676 1426 752 1486 vitea
774 1423 877 1485 sorbis.
1083 1436 1128 1491 aso

120 1510 184 1572 talis
206 1511 391 1590 hyperboreo
413 1518 526 1588 septem
547 1508 678 1570 subiecta
698 1510 786 1569 trioni

120 1613 192 1673 gens
215 1595 324 1655 effrena
345 1594 440 1654 virum
461 1593 592 1670 Riphaeo
614 1592 746 1654 tunditur
768 1611 848 1660 euro,

121 1686 150 1740 et
170 1678 318 1756 pecudum
340 1675 424 1737 fulvis
445 1676 557 1738 velatur
579 1694 705 1754 corpora
726 1677 821 1738 saetis.

162 1763 192 1823 Si
214 1761 267 1822 tibi
287 1760 419 1821 lanitium
441 1779 546 1829 curae,
569 1761 696 1838 primum
719 1779 823 1838 aspera
844 1759 914 1821 silva

120 1846 283 1925 lappaeque
304 1843 460 1922 tribulique
481 1844 592 1914 absint;
615 1846 685 1923 luge
707 1843 814 1923 pabula
835 1843 918 1904 laeta.
1082 1854 1128 1910 aas

120 1931 317 2008 continuoque
340 1946 444 2007 greges
464 1928 538 1989 villis
557 1928 623 2007 lege
644 1927 781 1989 mollibus
796 1927 887 1988 albos.

119 2014 201 2076 illum
223 2022 336 2084 autem,
359 2015 489 2091 quamvis
511 2014 587 2074 aries
608 2015 645 2072 sit
666 2013 807 2073 candidus
827 2013 899 2091 ipse,

119 2100 203 2174 nigra
225 2098 326 2159 subest
354 2097 411 2157 udo
433 2106 546 2158 tantum
568 2098 616 2158 cui
636 2095 734 2174 lingua
756 2096 863 2173 palato,

119 2183 213 2251 reice,
235 2200 273 2243 ne
295 2180 417 2242 maculis
438 2182 564 2242 infuscet
584 2179 693 2241 uellera
714 2179 800 2257 pullis

119 2272 307 2334 nascentum,
329 2265 476 2342 plenoque
497 2264 586 2325 alium
608 2265 799 2340 circumspice
822 2281 934 2340 campo.
1082 2275 1132 2332 ³⁹⁰

120 2364 243 2408 munere
265 2348 307 2407 sic
329 2348 412 2407 niveo
435 2346 533 2416 lanae,
556 2349 581 2406 si
603 2347 725 2407 credere
747 2348 867 2425 dignum
890 2355 943 2413 est,

120 2430 180 2491 Pan
202 2430 274 2489 deus
296 2429 438 2489 Arcadiae
460 2439 573 2506 captam
592 2436 636 2498 te,
658 2430 755 2499 Luna,
778 2430 879 2491 lelellit

119 2515 148 2573 in
171 2530 293 2574 nemora
316 2511 371 2572 alta
393 2530 514 2580 vocans;
537 2531 592 2573 nec
612 2519 645 2572 tu
667 2521 821 2588 aspernata
842 2521 1004 2576 vocantem.

161 2597 198 2658 lt
220 2597 268 2656 cui
289 2594 371 2655 lactis
393 2613 491 2663 amor,
516 2597 638 2674 cytisum
659 2594 793 2674 lotosque
815 2598 976 2675 frequentis

119 2683 182 2758 ipse
204 2697 293 2740 manu
315 2677 462 2756 salsasque
478 2677 552 2739 ierat
573 2678 764 2756 praesepibus
782 2681 899 2742 herbas.
1081 2693 1130 2748 39⁵

119 2765 188 2824 binc
210 2771 240 2824 et
260 2769 358 2822 amant
379 2760 481 2821 lluvios
503 2763 613 2839 magis,
637 2769 665 2822 et
686 2763 779 2839 magis
800 2763 892 2826 ubera
915 2765 1049 2837 tendunt,

121 2854 150 2906 et
170 2845 238 2907 salis
260 2843 407 2906 occtdtum
428 2846 562 2906 referunt
581 2845 612 2904 in
634 2844 708 2906 lacte
730 2864 874 2924 saporem.

119 2929 203 2991 multi
225 2930 311 2990 etiam
333 2936 466 2990 excretos
487 2927 644 3006 prohibent
665 2947 682 2989 a
703 2931 846 2993 matribus
867 2932 986 3003 haedos,

119 3014 272 3092 primaque
293 3013 408 3073 ferratis
429 3014 595 3090 praefigunt
616 3031 667 3075 ora
691 3016 832 3092 capistris.

120 3097 198 3174 quod
220 3106 359 3175 surgente
381 3095 427 3156 die
448 3096 576 3158 mulsere
596 3096 736 3175 horisque
758 3100 878 3170 diurnis,
1082 3114 1131 3166 eoo

119 3188 205 3240 nocte
227 3187 378 3258 premunt;
403 3179 559 3257 quodiam
582 3179 711 3241 tenebris
734 3189 763 3240 et
783 3181 845 3243 sole
868 3184 998 3256 cadente,

119 3262 173 3323 sub
196 3263 293 3324 lucem
315 3268 471 3339 exportans
494 3262 613 3322 calathis
635 3262 695 3324 adit
716 3265 822 3341 oppida
844 3275 959 3344 pastor;

123 3353 170 3407 aut
189 3363 280 3424 parco
303 3344 364 3405 sale
386 3345 557 3422 contingunt
577 3345 724 3425 hiemique
745 3358 901 3425 reponunt.

160 3429 222 3491 Nec
244 3428 295 3489 tibi
318 3445 389 3489 cura
411 3444 517 3488 canum
537 3428 626 3489 luerit
645 3437 810 3507 postrema,
832 3434 955 3497 seduna

119 3513 225 3574 velocis
248 3512 371 3591 Spartae
394 3510 504 3573 catulos
526 3530 683 3592 acremque
704 3515 863 3580 Molossum
1080 3533 1128 3586 toa
