2512 4096
165 109 230 178 288
503 123 647 172 vsnorrn
673 121 837 170 anunm

169 282 393 359 turrigeraeque
414 279 498 342 urbis
515 278 667 358 biiugique
688 277 725 339 ad
742 277 826 338 irena
847 274 960 345 leones,

164 372 201 427 tu
222 364 295 424 mibi
311 381 390 425 nune
408 380 525 442 pugnae
544 364 693 441 priueeps,
715 368 748 422 tu
768 362 825 421 rite
844 359 1034 441 propinques

168 449 325 525 angurium
346 447 570 527 Phrygibusque
589 446 666 507 adsis
687 446 772 524 pede,
795 444 868 512 dira,
891 441 1050 504 seeundo:
1143 450 1188 504 ut

165 538 281 593 tautum
302 530 414 593 ellatus.
444 538 474 592 et
495 531 608 592 interea
629 528 760 591 revoluta
781 526 907 589 rubebat

167 623 283 677 matura
300 615 359 675 iana
379 613 446 676 lure
468 615 529 676 dies
547 621 723 693 noctemque
742 612 872 689 iugarat:

167 698 822 861 llllltldtlatlltsiladll‘lll
840 784 945 856 „aaa
969 794 1011 839 a.

167 866 285 943 iamque
303 867 333 926 in
355 871 514 943 conspeetu
535 864 666 926 Teuoros
687 863 776 924 hahet
797 869 827 924 et
843 879 897 922 sna
919 867 1028 932 astra,
1141 869 1188 923 stt

167 955 247 1010 stans
267 947 344 1010 celsa
363 950 394 1008 in
415 944 517 1027 puppi.
549 947 677 1027 elipeum
699 964 767 1008 enm
786 945 892 1007 deiude
911 945 1033 1006 sbrlstra

168 1030 270 1094 extulit
291 1032 451 1101 ardentem,
472 1031 630 1093 clamorem
650 1031 687 1092 ad
709 1029 806 1092 sidera
826 1027 934 1089 tollunt

167 1115 350 1178 Dardanidae
372 1134 389 1176 e
406 1117 507 1186 muris,
528 1133 595 1195 spes
617 1114 713 1177 addita
734 1114 855 1175 suscitat
876 1113 944 1182 iras,

167 1197 226 1261 tela
244 1217 334 1261 maun
358 1201 483 1261 iaciunt:
506 1198 607 1279 quales
624 1198 678 1260 sub
700 1196 830 1260 nubibus
851 1197 922 1258 atris
1165 1253 1177 1260 .

168 1281 352 1362 Strymoniae
372 1283 443 1343 dant
463 1285 546 1362 signa
568 1301 657 1362 grues
677 1289 766 1362 atque
786 1279 906 1342 aetbera
926 1285 1049 1342 uanant
1138 1288 1187 1342 nl

33 1438 36 1443 ¹
168 1383 236 1427 oum
258 1367 355 1427 sonitu
376 1365 550 1447 fugiuntque
570 1375 656 1429 notos
677 1365 806 1428 elamore
825 1363 966 1426 seeundo.

168 1456 197 1510 at
216 1444 325 1509 Rutulo
342 1450 406 1526 regi
428 1448 611 1529 ducibusque
633 1468 667 1511 ea
684 1450 759 1511 mira
780 1448 873 1510 videri

167 1532 311 1600 Ausoniis,
336 1532 431 1593 donee
450 1551 549 1593 versas
565 1534 602 1594 ad
623 1532 709 1594 litora
727 1550 842 1611 puppes

167 1615 330 1694 respiciunt
350 1622 503 1695 totumque
525 1615 622 1677 adlabi
645 1615 786 1679 classibus
808 1630 928 1694 aequor.

165 1698 267 1761 *ardet
281 1719 357 1780 apex
372 1701 459 1779 capiti
467 1701 622 1780 cristisque
643 1718 661 1761 a
682 1701 791 1762 vertioe
812 1698 930 1760 damma
1137 1704 1183 1758 nt

168 1781 301 1842 funditur
323 1793 352 1844 et
374 1789 468 1844 vastos
488 1782 578 1845 umbo
597 1784 686 1845 vomit
708 1802 816 1846 aureau
836 1783 930 1860 ignis:

168 1882 227 1925 non
250 1883 335 1930 secus
357 1885 393 1929 ao
412 1865 521 1946 liquida
543 1867 686 1948 siquando
707 1873 794 1930 noeto
816 1871 947 1928 cometae

167 1950 320 2028 sanguinei
344 1950 472 2030 lugubre
493 1951 603 2013 rubent
620 1958 670 2013 aut
691 1951 786 2013 Sirius
806 1949 905 2017 ardor,

167 2031 217 2093 ille
237 2034 315 2096 sitim
335 2034 515 2112 morbosque
534 2035 633 2098 lenens
650 2033 824 2097 mortalibus
846 2032 951 2111 aegris,

167 2117 298 2180 nascitur
321 2126 350 2180 et
370 2118 452 2181 laevo
473 2121 626 2181 contristat
646 2119 757 2181 lumine
780 2115 922 2180 caelum*

210 2200 288 2262 llaut
308 2209 406 2265 temen
428 2201 533 2265 audaci
554 2203 655 2263 Turno
676 2203 783 2264 fiducia
802 2201 889 2264 cessit

168 2282 256 2345 litora
278 2287 452 2366 praecipere
470 2294 499 2348 et
517 2287 657 2348 venientis
678 2285 789 2365 pellere
805 2292 894 2347 terra.

167 2367 262 2446 ‘quod
285 2370 358 2430 votis
379 2370 508 2448 optastis,
531 2369 622 2440 adest,
645 2369 829 2448 perfringere
850 2369 968 2431 dextra:

167 2451 198 2511 iu
218 2451 355 2513 manibus
371 2452 450 2514 blare
471 2455 535 2532 ipse
556 2453 634 2513 viris.
670 2469 751 2514 nuno
769 2453 902 2530 coniugis
925 2459 987 2513 esto

168 2534 291 2615 quisque
308 2552 380 2598 suae
400 2536 528 2614 teou'que
549 2552 673 2606 mensur,
696 2551 776 2595 nuno
796 2552 903 2613 magna
924 2535 1037 2598 referte

167 2616 252 2689 iacta,
273 2625 391 2696 patrum
412 2616 522 2683 landes.
553 2617 631 2679 ultro
654 2635 845 2682 occurramus
866 2618 903 2690 ad
925 2619 1046 2690 undam,

167 2698 238 2760 dum
258 2701 366 2780 trepidi
387 2701 571 2780 egressisque
591 2700 691 2763 labant
712 2703 831 2782 vestigia
854 2704 959 2783 prima.

167 2782 300 2847 audentis
322 2786 452 2848 Fortuna
473 2785 571 2857 iuvat,'

169 2866 243 2932 haee
265 2871 304 2932 ait
325 2877 354 2932 et
376 2889 477 2932 seeum
497 2879 603 2943 versat
626 2874 700 2955 quos
721 2873 831 2936 duoere
849 2882 951 2934 uonna
1132 2880 1177 2935 sib

167 2952 213 3013 vel
235 2953 342 3035 quibus
358 2954 496 3018 obsessos
515 2956 608 3036 possit
628 2956 808 3021 concredere
828 2974 938 3018 murm.
1255 2949 1256 3037 l

208 3037 324 3099 Interea
344 3039 458 3100 denus
478 3041 573 3100 socios
595 3040 632 3101 de
651 3040 801 3121 puppibus
817 3039 884 3103 altis

165 3119 304 3201 pontibus
327 3124 455 3199 exponit.
488 3121 573 3184 multi
592 3139 710 3186 servare
730 3142 869 3187 recursus

164 3206 332 3282 languentis
349 3203 446 3282 pelagi
469 3212 498 3265 et
515 3203 655 3268 brevibus
673 3226 706 3269 se
727 3208 851 3270 eredere
871 3207 955 3280 saltu,

168 3371 242 3432 altro
259 3374 363 3433 animos
377 3372 451 3433 tollit
465 3374 544 3434 dietis
559 3386 641 3454 atque
657 3389 778 3456 increpat
793 3380 867 3440 ultro
1127 3379 1178 3434 Ἀθ
