2512 4096
127 281 169 342 32
435 290 578 338 vnncrm
601 289 802 339 cnoncrcon
823 292 837 338 1

127 446 197 507 bino
217 451 403 523 tempestates
425 444 514 505 dubio
535 444 721 522 praediscere
743 443 823 506 caelo

127 546 298 608 possumus,
321 528 390 588 luno
411 528 572 604 messisque
595 528 671 588 diem
691 535 867 606 tempusque
889 531 1024 602 serendi,

128 618 156 672 et
178 611 293 689 quando
315 611 436 672 infidum
458 611 547 671 remis
568 610 718 689 impellere
739 629 870 671 marmor

128 694 293 765 conveniat,
316 695 431 774 quando
454 700 579 755 armatas
599 694 745 756 deducere
768 693 878 766 classis,

127 785 178 840 aut
196 780 396 857 tempestivam
417 779 495 839 silvis
515 785 647 840 evertere
667 780 778 857 pinum.

126 862 250 938 frigidus
272 862 429 940 agricolam
451 862 593 940 siquando
616 863 744 922 continet
764 861 870 931 imber,

126 944 241 1017 multa„
254 946 350 1007 forent
373 963 447 1023 quae
467 963 536 1005 mox
558 945 637 1007 caelo
659 945 843 1023 properanda
866 963 988 1019 sereno,

126 1034 275 1090 maturare
298 1029 398 1089 datur:
422 1029 530 1090 durum
550 1028 687 1106 procudit
708 1034 806 1089 arator

125 1113 253 1173 vomeris
274 1112 393 1174 obtunsi
406 1113 548 1182 dentem,
571 1119 652 1173 cavat
673 1111 780 1172 arbore
800 1109 923 1183 luntres,

126 1201 175 1257 aut
195 1197 296 1274 pecori
317 1197 433 1274 signum
455 1203 504 1257 aut
525 1213 664 1256 numeros
685 1194 832 1273 impressit
852 1198 980 1258 acervis.

126 1287 272 1341 exacuunt
293 1279 340 1341 alii
360 1279 451 1340 vallos
472 1280 629 1356 furcasque
649 1278 787 1346 bicornis,

125 1368 211 1440 atque
234 1364 370 1424 Amerina
390 1369 497 1441 parant
516 1361 612 1422 lentae
633 1361 792 1422 retinacula
816 1360 875 1421 riti.

125 1463 204 1506 nunc
226 1445 319 1506 facilis
339 1446 440 1507 Rubea
462 1451 578 1507 texatur
598 1445 700 1505 dscina
721 1445 810 1522 virga,

125 1546 204 1590 nunc
226 1537 337 1590 torrete
358 1531 419 1606 igni
441 1530 554 1608 fruges,
577 1546 657 1591 nunc
678 1529 801 1605 frangite
823 1545 904 1588 saxo.

126 1613 234 1691 quippe
257 1614 343 1673 etiam
365 1614 445 1672 lestis
468 1613 610 1691 quaedam
633 1629 772 1673 exercere
794 1611 898 1672 diebus

126 1696 169 1755 las
192 1702 221 1755 et
242 1698 306 1756 iura
328 1696 441 1756 sinunt:
463 1697 542 1755 rivos
563 1696 709 1756 deducere
730 1693 809 1755 nulla

124 1779 227 1857 religio
250 1780 352 1848 vetuit,
377 1780 467 1856 segeti
488 1780 681 1856 praetendere
702 1795 828 1856 saepem,

124 1864 244 1925 insidias
265 1863 366 1924 avibus
386 1861 497 1932 moliri,
518 1863 675 1924 incendere
697 1879 808 1940 vepres,

124 1947 332 2026 balantumque
354 1964 474 2024 gregem
495 1945 583 2007 ilurio
605 1964 736 2006 mersare
758 1943 876 2006 salubri.

124 2048 211 2109 saepe
233 2031 298 2092 oleo
321 2031 396 2090 tardi
419 2036 514 2090 costas
535 2030 659 2108 agitator
681 2028 762 2090 aselli

125 2113 228 2175 vilibus
250 2122 299 2176 aui
321 2120 423 2175 onorat
443 2115 555 2191 pomis,
577 2112 762 2192 lapidemque
782 2118 934 2173 revertens

124 2198 258 2258 incusum
281 2205 330 2259 aut
351 2204 431 2258 atrae
452 2215 579 2258 massam
599 2197 673 2274 picis
694 2195 768 2256 urbe
789 2197 952 2273 reportat*

165 2279 231 2356 lpsa
254 2280 316 2340 dies
337 2280 409 2340 alios
431 2280 486 2340 alio
509 2281 587 2341 dedit
609 2279 711 2340 ordine
731 2278 800 2340 luna

125 2361 216 2422 ieliois
238 2379 369 2439 operum.
407 2365 537 2443 quintam
560 2364 642 2441 iuge:
665 2361 789 2440 pallidus
810 2361 928 2422 llorcus

124 2445 358 2523 Eumenidesque
379 2452 472 2513 satam
496 2452 558 2506 tum
579 2452 666 2524 partu
687 2445 781 2506 Terra
802 2444 929 2504 nefando

125 2527 292 2605 Coeumque
312 2527 502 2606 Iapetumque
525 2536 605 2589 creat
625 2547 800 2607 saevumque
821 2527 963 2606 Typhoea

124 2618 153 2672 et
175 2611 341 2671 coniuratos
364 2611 475 2671 caelum
496 2613 665 2674 rescindere
686 2613 802 2672 iratres.

124 2702 169 2754 ter
191 2700 259 2753 sunt
281 2694 376 2754 conati
396 2695 547 2772 imponere
568 2695 647 2757 Pelio
670 2696 772 2757 Ossam

124 2774 234 2836 scilicet
272 2783 358 2854 atque
380 2777 470 2838 Ossae
491 2779 662 2840 frondosum
684 2778 832 2840 involvere
854 2776 1031 2858 Olympum

124 2868 170 2918 ter
190 2865 273 2936 pater
297 2866 444 2921 extructos
466 2861 579 2922 disiecit
600 2861 720 2923 sumine
741 2863 857 2923 montis.

125 2947 255 3019 septuma
277 2949 345 3020 post
365 2943 518 3005 decumam
539 2945 608 3006 felix
630 2952 659 3005 et
679 2963 791 3023 ponere
812 2945 900 3005 ritem

126 3031 155 3103 et
174 3042 298 3101 prensos
320 3026 461 3087 domitare
482 3028 571 3088 boves
593 3034 622 3088 et
642 3027 708 3089 licia
729 3028 803 3090 telae

125 3107 241 3169 addere.
265 3126 342 3168 nona
364 3110 449 3188 lugae
470 3109 583 3179 melior,
606 3114 752 3173 contraria
774 3113 867 3174 furtis.

166 3189 253 3250 Multa
276 3192 350 3252 adeo
372 3192 465 3269 gelida
487 3193 591 3253 melius
613 3211 645 3254 se
665 3202 752 3256 nocte
774 3196 891 3265 dedere,

126 3278 175 3332 aut
198 3291 265 3333 cum
288 3273 348 3334 sole
370 3293 445 3335 novo
467 3282 562 3335 terras
583 3277 696 3338 inrorat
718 3297 797 3340 eous.

125 3362 211 3415 nocte
232 3355 312 3417 leves
331 3357 434 3419 melius
456 3358 592 3437 stipulae,
614 3369 701 3423 nocte
722 3363 803 3422 arida
824 3369 907 3440 prata

125 3438 298 3506 tondentur,
322 3443 416 3501 noctis
438 3440 533 3503 lentus
554 3461 614 3504 non
635 3445 731 3506 delicit
751 3462 847 3507 umor.

127 3539 181 3583 nec
201 3523 365 3585 rubicunda
390 3540 476 3585 ceres
498 3525 595 3587 medio
618 3530 777 3591 succiditur
800 3540 891 3603 aestu,
