2504 4094
457 346 600 394 t'nnulrn
619 345 757 393 ECLOGA
780 346 802 392 V

253 505 381 571 murico,
410 503 467 562 iam
490 520 595 562 croceo
618 499 743 561 mutabit
763 499 870 560 uellera
891 497 968 569 luto;

252 596 357 664 sponte
377 603 428 646 sua
450 585 559 663 sandyx
582 585 728 663 pascentis
749 584 850 644 vestiet
871 599 972 661 agnes.
1104 596 1137 651 45

126 675 144 732 Ε
252 669 291 729 ‘T
293 669 347 730 alia
369 667 476 730 saecla'
499 670 558 728 suis
581 669 717 728 dixerunt
738 664 875 727 ‘currite'
897 666 968 727 lusis

197 773 229 796 -.
251 753 411 814 concordes
433 750 528 812 stabili
550 752 676 812 latorum
698 752 817 812 numine
839 768 955 828 parcae.

250 837 418 913 Adgredere
440 855 457 895 o
479 850 601 911 magnos
623 835 726 915 (aderit
746 836 804 894 iam
826 836 951 914 tempus)
974 835 1114 907 honores,

215 948 221 959 ··
251 939 319 980 cara
341 919 428 981 deum
449 918 582 987 suboles,
606 936 744 996 magnum
765 918 840 978 lovis
862 919 1094 982 incrementum!

169 1006 175 1018 ’
253 1005 350 1080 aspice
372 1020 500 1062 convexo
522 1009 672 1063 nutantem
694 1001 825 1079 pondere
846 1001 999 1072 mundum,
1102 1018 1137 1070 so

251 1095 403 1164 terrasque
424 1094 592 1163 tractusque
613 1086 702 1145 maris
724 1084 895 1162 caelumque
916 1086 1107 1163 profundum,

251 1173 363 1248 aspice,
386 1177 509 1230 venturo
530 1168 674 1230 laetentur
696 1176 727 1230 ut
750 1169 846 1228 omnia
867 1167 979 1230 saeclo!

249 1274 266 1314 o
288 1255 359 1314 milri
382 1262 443 1314 tum
465 1252 568 1331 longae
589 1258 705 1312 maneat
725 1270 794 1330 pars
816 1251 916 1312 ultima
937 1254 1022 1323 ritae,

251 1339 368 1414 spiritus
391 1345 419 1398 et
441 1346 582 1415 quantum
604 1346 648 1395 sat
669 1336 724 1395 erit
745 1343 794 1396 tua
817 1336 915 1396 dicere
936 1338 1028 1398 laeta:

170 1423 175 1432 '
251 1439 310 1480 non
332 1440 380 1480 me
402 1420 580 1481 carminibus
600 1421 696 1479 vincat
710 1437 764 1479 nee
779 1419 921 1480 'lhracius
933 1419 1080 1498 Orpheus,
1103 1434 1137 1486 aa

252 1522 307 1564 nec
322 1503 425 1574 Linus,
446 1504 515 1565 huic
529 1511 622 1564 mater
638 1504 767 1581 quamvis
779 1510 866 1582 atque
876 1503 945 1564 huic
954 1511 1039 1582 pater
1050 1505 1136 1575 adsit,

253 1587 362 1664 Orphei
384 1586 531 1664 Callopea,
554 1588 626 1647 Lino
648 1589 813 1647 formonsus
834 1585 946 1664 Apollo.

200 1690 206 1699 ·
250 1671 311 1731 Pan
334 1673 434 1739 etiam,
458 1670 580 1730 Arcadia
602 1689 716 1732 mecum
738 1672 763 1730 si
784 1670 879 1731 iudice
901 1678 1001 1741 certet,

249 1755 311 1814 Pan
333 1755 418 1814 eliam
439 1752 561 1814 Arcadia
584 1755 659 1814 dieat
680 1772 712 1813 se
733 1754 828 1814 iudice
850 1757 966 1815 victum.

248 1838 358 1914 ineipe,
381 1856 470 1916 parre
492 1855 579 1915 pum,
602 1841 661 1900 risu
684 1855 861 1914 cognoscere
882 1845 1021 1900 matrem:
1104 1852 1139 1906 σο

251 1922 338 1982 matri
358 1920 445 2000 longa
468 1922 570 1982 decem
592 1922 720 1984 tulerunt
741 1921 853 1982 fastidia
875 1940 1000 1983 mensos.

248 2006 364 2084 incipe,
387 2024 476 2084 parre
497 2023 586 2083 puer:
610 2009 655 2068 eui
678 2024 737 2066 nou
759 2006 851 2066 risere
872 2012 1017 2084 parentes,

251 2108 308 2150 nec
329 2089 400 2152 deus
422 2091 501 2152 hune
522 2110 640 2163 mensa,
664 2091 717 2152 dea
740 2107 795 2149 nec
818 2089 932 2166 dignata
955 2087 1100 2152 eubileist.

536 2278 729 2289 ....-.--.--

617 2419 652 2505 V

436 2567 610 2615 nanneno
690 2569 819 2620 MOPSUS.

253 2664 326 2727 ME.
337 2664 395 2724 Cur
405 2682 474 2735 non,
486 2666 593 2743 Mopse,
607 2667 677 2728 boni
689 2671 825 2748 qnoniam
839 2684 1025 2731 convenimus
1037 2669 1136 2740 ambo,
1234 2668 1240 2697 ²

251 2756 284 2810 tn
307 2747 432 2808 calamos
454 2749 556 2811 inllare
577 2750 661 2822 leriS,
686 2772 740 2830 ego
764 2754 860 2815 dicere
882 2770 992 2823 versus,

253 2832 301 2892 hie
324 2831 428 2910 corylis
449 2834 553 2895 rnixtas
574 2836 649 2896 inter
671 2838 856 2899 consedimus
877 2837 988 2899 ulmos?
1231 2886 1235 2917 ,

252 2915 321 2976 Mo,
346 2915 389 2975 'lu
405 2919 513 2987 maior;
535 2919 587 2978 tibi
602 2938 649 2979 me
671 2928 715 2980 est
734 2940 836 2981 aecum
852 2939 971 2999 parere,
995 2919 1136 2992 Menalca,
1230 2920 1234 2997 ,’

254 3001 313 3060 sive
334 2997 388 3059 sub
411 3001 535 3062 incertas
557 3002 690 3082 zephyris
712 3005 889 3067 motantibus
911 3003 1040 3074 umbras,
1122 3018 1138 3069 5
1230 3004 1233 3015 '

254 3085 314 3143 sive
336 3090 420 3142 antro
442 3087 537 3160 potius
559 3087 752 3148 succedimus.
796 3091 907 3166 aspice,
931 3095 964 3148 ul
985 3094 1103 3149 antrum

253 3164 391 3226 silvestris
412 3170 487 3227 raris
508 3173 613 3246 sparsit
634 3170 770 3232 labrusca
791 3174 923 3233 racemis.
1227 3246 1230 3251 ¹

227 3318 230 3322 ⁴
254 3251 324 3309 ME.
353 3249 499 3312 Montibus
520 3254 550 3313 in
572 3257 679 3314 nostris
700 3254 780 3314 solus
802 3256 853 3315 tibi
875 3263 967 3317 certat
987 3257 1136 3334 Amyntas.
1227 3262 1230 3315 f

251 3333 288 3392 M
289 3333 321 3392 O.
344 3331 429 3402 Quid,
446 3337 470 3394 si
481 3336 557 3397 idem
570 3346 661 3398 eortel
671 3337 824 3397 Phoebum
835 3357 976 3413 superare
989 3338 1139 3400 canendo?

253 3417 323 3476 ME.
347 3415 455 3492 Incipe,
464 3417 572 3496 Mopse,
583 3423 674 3499 prior,
686 3422 785 3496 siquos
797 3427 846 3480 aut
856 3420 994 3498 Phyllidis
1004 3425 1088 3499 ignes
1105 3435 1139 3486 10

214 3520 221 3530 ’
254 3506 303 3562 aut
323 3497 439 3560 Alconis
460 3501 551 3564 habes
571 3502 673 3565 laudes
695 3510 744 3564 aut
765 3504 858 3582 iurgia
880 3504 976 3564 Codri.
1227 3504 1231 3519 “

253 3585 363 3663 incipe;
386 3588 531 3659 pascentis
553 3586 679 3648 servabit
701 3585 817 3665 Tityrus
838 3587 957 3649 haedos.
