2512 4096
176 242 235 304 144
505 228 650 300 vnuonn
672 251 797 300 anvnrs
820 252 860 299 111

173 411 308 472 audimus
329 409 417 486 longe
438 408 603 485 fractasque
626 407 664 466 ad
684 405 769 466 litora
789 425 894 477 voces,

172 492 360 572 exultantque
381 491 454 551 vada
475 498 562 570 atque
584 497 667 551 aestu
684 491 844 552 miscentur
867 491 1005 552 harenae.

171 584 202 640 et
220 583 304 656 pater
327 575 468 637 Anchises
491 574 646 635 ‘nimirum
667 574 740 634 haec
757 572 805 635 illa
823 573 997 654 Charybdim

171 658 376 721 bosllelenus
393 658 545 737 scopulos,
570 658 644 720 haec
665 675 734 718 saxa
753 657 901 720 horrenda
924 657 1055 720 canebat.

172 745 290 825 eripite,
313 762 330 802 o
351 742 436 814 socii,
456 745 624 822 pariterque
645 742 787 820 insurgite
806 741 921 802 remis'
972 751 976 757 '
1113 745 1115 750 '

171 827 243 888 baut
261 827 358 888 minus
379 844 414 888 ac
434 827 505 888 iussi
527 825 650 895 iaciunt,
673 826 844 905 primusque
864 826 1020 887 rudentem

173 910 314 972 contorsit
330 910 425 972 laevas
447 927 567 989 proram
588 907 745 970 Palinurus
765 910 803 970 ad
819 909 929 971 undas:

171 992 285 1055 laevam
307 1002 411 1056 cuncta
433 995 541 1055 cohors
562 993 652 1054 remis
671 994 823 1072 ventisque
844 995 954 1073 petivit.

171 1076 302 1139 tollimur
323 1079 353 1137 in
377 1077 491 1139 caelum
512 1082 632 1138 curvato
654 1079 782 1154 gurgite,
805 1085 835 1138 et
856 1078 934 1139 idem

172 1160 317 1223 subducta
339 1162 375 1222 ad
397 1162 491 1222 manis
511 1161 586 1222 imos
607 1161 772 1221 desedimus
794 1162 882 1223 unda.

173 1251 218 1306 ter
239 1244 352 1323 scopuli
373 1244 532 1306 clamorem
549 1245 626 1305 inter
647 1262 716 1305 cava
739 1261 808 1306 saxa
823 1245 954 1314 dedere,

172 1336 218 1389 ter
240 1346 375 1406 spumam
397 1328 498 1390 elisam
519 1335 548 1390 et
568 1329 698 1389 rorantia
719 1327 843 1390 vidimus
861 1337 948 1390 astra.

172 1414 284 1473 interea
306 1412 399 1474 sessos
420 1418 524 1473 ventus
545 1430 613 1474 cum
634 1411 696 1472 sole
716 1410 848 1492 reliquit,

172 1496 326 1575 ignarique
345 1498 409 1558 viae
430 1495 588 1575 Cyclopum
609 1495 772 1557 adlabimur
793 1497 862 1557 oris.

214 1579 321 1640 Portus
343 1579 379 1640 ab
401 1596 521 1641 accessu
542 1587 698 1641 ventorum
717 1581 854 1667 immotus
877 1582 1030 1658 elingens

79 1706 90 1723 .
172 1664 250 1741 ipse,
273 1663 324 1724 sed
345 1664 489 1724 horrificis
511 1665 590 1724 iuxta
611 1671 693 1724 tonat
714 1666 806 1725 Aetna
828 1665 935 1735 ruinis,

172 1747 380 1827 interdumque
402 1756 496 1808 atram
514 1749 682 1826 prorumpit
702 1749 739 1809 ad
761 1748 881 1810 aethera
902 1748 1013 1810 nubem

172 1832 291 1894 turbine
311 1831 473 1893 fumantem
493 1833 576 1911 piceo
597 1839 626 1893 et
648 1832 791 1895 candente
813 1831 907 1894 iavilla

173 1915 334 1995 attollitque
356 1915 460 1993 globos
480 1914 665 1978 flammarum
687 1923 716 1978 et
736 1916 833 1978 sidera
853 1915 970 1986 lambit,

172 2001 322 2062 interdum
342 1998 479 2078 scopulos
502 2000 657 2079 avolsaque
678 2003 792 2063 viscera
813 2002 920 2061 montis

173 2087 260 2162 erigit
279 2092 417 2148 eructans
436 2083 651 2164 liquefactaque
671 2103 742 2146 saxa
761 2084 816 2145 sub
839 2102 925 2146 auras

175 2187 241 2230 cum
261 2171 373 2246 gemitu
394 2168 538 2248 glomerat
557 2168 708 2248 iundoqne
729 2175 878 2231 exaestuat
897 2170 966 2229 imo.

174 2251 249 2313 iama
271 2261 314 2313 est
333 2252 472 2314 Enceladi
495 2261 656 2315 semustum
672 2252 795 2316 fulmine
816 2272 924 2334 corpus

173 2337 273 2411 urgeri
294 2336 371 2397 mole
392 2336 467 2405 hac,
490 2339 696 2417 ingentemque
713 2339 834 2417 insuper
856 2339 978 2400 Aetnam

173 2419 338 2498 impositam
361 2423 455 2500 ruptis
476 2419 625 2482 dammam
646 2424 782 2500 expirare
804 2424 938 2494 caminis,

174 2511 203 2564 et
223 2502 332 2564 ieseum
355 2508 488 2581 quotiens
507 2512 601 2567 mutet
621 2505 711 2577 latus,
733 2508 892 2567 intremere
914 2522 1031 2568 omnem

173 2604 325 2648 murmure
343 2587 527 2651 Triuacriam
550 2597 579 2650 et
596 2591 710 2652 caelum
730 2589 888 2651 subtexere
909 2590 1000 2652 inmo.
1069 2656 1070 2661 ,

172 2681 290 2733 noctem
311 2671 390 2732 illam
408 2674 477 2735 tecti
495 2673 573 2735 silvis
589 2676 727 2736 immania
746 2680 877 2734 monstra

172 2755 362 2832 perierimus.
385 2774 441 2818 nec
463 2775 538 2836 quae
558 2761 687 2821 sonitum
708 2757 757 2819 det
777 2774 864 2820 causa
885 2757 1025 2820 videmus.

173 2855 242 2898 nam
262 2858 358 2917 neque
380 2850 464 2903 erant
485 2849 633 2904 astrorum
654 2844 738 2920 ignes
753 2860 809 2904 neo
830 2841 946 2904 lucidus
966 2842 1067 2904 aethra

174 2922 289 2983 siderea
306 2922 409 3001 polus,
432 2925 560 2988 obscuro
582 2927 632 2988 sed
645 2925 745 2989 nubila
767 2926 872 2998 caelo‚.

173 3013 203 3066 ct
220 3006 321 3069 lunam
343 3009 373 3066 in
394 3009 495 3070 nimbo
519 3029 579 3072 nox
596 3013 769 3090 intempesta
791 3011 919 3080 tenebat.

185 3150 187 3155 ,
215 3090 335 3151 Postera
357 3092 473 3172 iamque
493 3095 555 3156 dies
573 3096 669 3173 primo
690 3096 832 3176 surgebat
852 3114 921 3163 eoo,

174 3179 381 3252 umentemque
399 3179 513 3238 Aurora
532 3178 600 3255 polo
622 3180 784 3242 dimoverat
803 3179 955 3240 umbram:

175 3275 242 3317 cum
264 3256 360 3318 subito
383 3279 399 3320 e
421 3260 499 3322 silvis
520 3262 614 3322 macie
636 3263 768 3323 coniecta
784 3279 923 3339 suprema

173 3340 265 3416 ignoti
287 3358 360 3403 nova
380 3344 474 3406 torma
495 3347 549 3407 viri
568 3345 792 3425 miserandaque
813 3345 894 3406 cultu

173 3424 307 3502 procedit
325 3427 506 3508 supplexque
527 3444 631 3488 manns
651 3427 688 3488 ad
708 3427 793 3490 litora
816 3429 917 3490 tendit.

174 3508 362 3587 respicimus:
391 3511 452 3572 dira
472 3511 594 3572 inluvies
614 3511 792 3595 inmissaque
814 3512 921 3583 barba,
