2512 4096
351 788 394 862 e.
421 766 640 862 voracior
665 782 899 863 honours

194 958 242 1057 G
298 959 341 1054 E
400 957 444 1053 O
502 957 550 1051 R
610 956 657 1053 G
715 958 741 1052 1
799 955 839 1053 O
899 957 948 1054 O
1012 959 1065 1059 N

467 1130 583 1188 LIBER
621 1129 793 1187 TERTIVS

541 1299 694 1309 ”—

159 1447 202 1508 Te
225 1465 355 1527 quoque.
378 1466 485 1526 magna
506 1445 606 1515 Palos,
630 1454 659 1506 et
680 1453 708 1507 te
729 1444 924 1506 memorande
945 1464 1095 1510 canamus

118 1538 219 1610 pastor
241 1531 277 1593 ab
299 1532 478 1611 Amphryso,
501 1549 568 1600 ros,
592 1529 680 1590 silvae
702 1545 862 1606 amnesque
882 1528 1006 1615 Lycaei.

119 1622 216 1676 cetera
238 1634 312 1694 quac
334 1633 441 1676 vacuas
462 1615 623 1675 tenuissent
645 1613 775 1674 carmine
796 1619 922 1682 mentes,

119 1700 215 1759 omnia
240 1701 297 1760 ianr
319 1697 446 1777 volgata:
470 1699 536 1779 quis
556 1705 607 1758 aut
627 1695 791 1776 Eurysthea
814 1696 923 1757 durum

119 1790 168 1845 aut
189 1781 329 1843 inlaudati
350 1782 444 1842 nescit
465 1781 608 1842 Busiridis
628 1781 712 1841 aras?
1120 1792 1135 1842 o
1179 1822 1181 1829 -

119 1867 188 1944 quoi
208 1884 269 1926 non
291 1867 387 1925 dictus
408 1864 496 1945 Hylas
517 1882 592 1942 puer
614 1872 643 1925 ot
663 1865 785 1925 Latonia
806 1863 895 1925 Delos

119 1949 360 2030 Hippodameque
381 1967 543 2028 umeroque
564 1948 670 2026 Pelops
692 1948 814 2027 insignis
836 1947 963 2021 eburno,

120 2052 189 2095 acer
211 2034 310 2114 equisl
347 2033 515 2113 temptanda
536 2035 623 2103 viast,
647 2050 704 2111 qua
726 2051 773 2093 ma
796 2049 914 2110 quoque
937 2037 1058 2114 possim

119 2116 223 2179 tollere
246 2117 336 2179 humo
358 2118 509 2196 victorque
530 2119 625 2178 virum
647 2116 768 2177 volitare
789 2133 844 2194 par
866 2134 929 2178 ora.

119 2200 233 2278 primus
255 2218 310 2278 ego
332 2203 362 2261 in
383 2203 508 2279 patriam
529 2219 664 2269 mecum,
687 2201 775 2261 modo
797 2200 855 2260 vita
877 2203 1024 2283 supersit,
1111 2219 1142 2271 ιο

119 2283 212 2343 Aonio
234 2285 351 2345 rediens
372 2285 514 2347 deducam
536 2287 646 2346 vertice
667 2302 781 2353 musasa

121 2367 235 2443 primus
257 2366 409 2429 idumaeas
429 2369 558 2430 referam
579 2369 645 2437 tihi,
668 2368 800 2438 Mantua,
824 2364 946 2444 palmas,
1050 2436 1054 2447 „

121 2456 151 2509 et
172 2450 256 2510 viridi
277 2452 308 2511 in
330 2469 434 2529 campo
455 2452 597 2530 templum
619 2453 656 2513 de
677 2470 825 2513 marmore
847 2467 958 2529 ponam

119 2539 242 2612 propter
263 2552 385 2613 aquam,
407 2536 499 2596 tardis
519 2538 623 2615 ingens
644 2536 696 2596 ubi
716 2534 841 2598 flexibus
863 2542 944 2595 errat

118 2616 243 2680 Mincius
265 2625 294 2679 ct
315 2625 416 2679 tenera
438 2621 581 2698 praetexit
601 2620 766 2682 harundine
786 2621 874 2698 ripas.
1111 2637 1142 2690 15

118 2702 150 2761 iu
171 2701 268 2763 medio
290 2701 361 2762 mihi
383 2703 490 2764 Caesar
513 2704 568 2765 erit
587 2703 788 2785 templumque
810 2700 936 2764 tenebit:

119 2782 160 2844 illi
181 2786 274 2845 victor
297 2802 352 2862 ego
375 2794 403 2846 et
424 2786 513 2867 Tyrio
536 2795 711 2867 conspectus
732 2789 762 2847 in
785 2796 865 2847 ostro

120 2874 239 2929 contum
261 2869 450 2948 quadriiugos
471 2871 587 2950 agitabo
610 2873 647 2933 ad
668 2871 788 2931 flumina
811 2887 927 2932 currus.

119 2961 225 3013 cuncta
248 2953 319 3013 mihi
340 2953 484 3032 Alpheum
505 2955 641 3034 linquens
661 2955 803 3033 lucosque
824 2952 968 3015 Molorchi

119 3035 256 3096 cursibus
279 3043 307 3097 et
329 3039 420 3099 crudo
443 3040 582 3101 decernet
603 3040 726 3103 Graecia
748 3044 856 3099 caestu.
1108 3054 1143 3106 20

118 3119 183 3195 ipsc
205 3127 294 3198 caput
314 3127 417 3184 tonsae
438 3124 513 3184 loliis
535 3130 657 3184 ornatus
679 3122 771 3183 olivae

120 3200 198 3262 dona
220 3202 323 3264 loram.
366 3207 424 3267 iam
446 3225 525 3269 nunc
547 3205 696 3268 sollemnis
718 3206 827 3268 ducere
848 3221 972 3284 pompas

117 3284 157 3344 ad
178 3284 300 3348 delubra
321 3289 399 3351 iuvat
421 3307 581 3368 caesosque
603 3291 702 3352 videre
723 3291 861 3352 iuvencos

119 3366 165 3428 vcl
186 3386 292 3433 scaena
315 3379 346 3434 ut
367 3374 458 3436 versis
481 3372 612 3436 discedat
633 3373 780 3435 frontibus
801 3379 892 3450 utque

119 3468 269 3530 purpurea
291 3457 393 3519 intexti
414 3458 517 3521 tollant
538 3454 640 3519 aulaea
662 3457 802 3519 Britanni.
874 3490 878 3495 ·
