2512 4096
444 819 774 911 ECLOGAI

347 1072 539 1122 nouom.
731 1073 879 1122 umus.

114 1194 141 1249 A
155 1210 173 1246 α
237 1191 279 1248 M.
301 1189 416 1267 Tityre,
444 1197 476 1250 tu
497 1188 613 1266 patulae
634 1189 779 1250 recubans
801 1189 855 1250 sub
878 1188 1005 1266 tegmine
1027 1185 1084 1264 lagi

238 1270 399 1332 silvestrem
421 1274 501 1333 tenui
522 1291 636 1335 musam
656 1273 806 1334 meditaris
828 1290 932 1333 avena:

239 1372 292 1415 nos
314 1356 425 1432 patriae
445 1356 518 1416 lines
539 1363 569 1416 et
590 1355 685 1417 (101010
706 1355 864 1433 linquimus
889 1373 966 1416 arva.

159 1439 180 1516 β
237 1456 291 1498 nos
311 1438 436 1516 patriam
457 1439 598 1516 fugimus:
620 1447 668 1509 to,
690 1439 803 1518 Tityre,
825 1438 921 1500 lentus
943 1440 973 1497 in
994 1435 1099 1497 umbra

148 1576 151 1580 ,
237 1521 417 1583 lormonsam
438 1540 578 1584 resonare
600 1523 687 1584 doces
708 1521 882 1602 Amaryllida
903 1521 997 1582 silvae.
1103 1531 1120 1585 0

160 1627 180 1662 α
234 1604 265 1664 P.
289 1604 482 1675 0110111000,
506 1606 578 1666 deus
599 1605 684 1666 nobis
704 1607 778 1669 hacc
800 1607 857 1666 otia
878 1606 954 1668 lecit.

132 1764 136 1773 Ι
238 1705 364 1767 namque
386 1690 442 1749 erit
461 1688 510 1749 ille
531 1689 603 1751 mihi
623 1707 740 1767 semper
762 1691 849 1760 deus,
871 1689 950 1750 illius
971 1706 1051 1748 aram

237 1789 325 1850 saepe
345 1779 430 1834 tener
452 1774 559 1833 nostris
581 1772 617 1833 ab
640 1773 762 1834 ovilibus
782 1773 895 1835 imbuet
915 1789 1017 1850 agnus.

155 1847 183 1930 β
240 1854 289 1916 ille
310 1874 391 1918 meas
413 1875 514 1917 errare
535 1857 639 1926 boves,
662 1864 695 1917 ut
716 1858 827 1925 cernis,
850 1863 880 1917 et
899 1857 996 1933 ipsum

239 1937 341 1999 ludere
363 1957 437 2017 quae
458 1939 562 2001 vellem
584 1938 695 2000 calamo
717 1940 851 2017 permisit
872 1938 988 2016 agresti.
1090 1946 1123 1997 10
1219 1976 1222 1982 -

118 2023 141 2081 B
155 2043 175 2080 0
238 2024 282 2081 M.
305 2022 370 2083 Non
385 2023 522 2100 equidem
536 2023 667 2092 invideo,
683 2024 775 2082 miror
789 2021 896 2098 magis:
911 2019 1042 2096 undique
1055 2018 1123 2079 totis

241 2122 334 2182 usque
356 2106 429 2166 adeo
451 2105 587 2165 turbatur
609 2105 695 2181 agris.
731 2122 767 2165 en
788 2105 852 2180 1000
874 2100 998 2178 00001100

241 2194 383 2265 protenus
405 2205 492 2264 aeger
514 2204 584 2263 ago:
600 2187 689 2252 ‚hanc
711 2188 797 2247 ctiam
817 2186 879 2256 vix,
902 2185 1014 2265 Tityre,
1037 2185 1122 2246 duco.

157 2271 177 2349 β
242 2270 290 2329 hic
310 2271 386 2330 inter
408 2269 513 2329 densas
534 2267 652 2330 eorulos
672 2270 760 2331 modo
782 2287 908 2349 namque
929 2267 1069 2347 gemellos

241 2370 325 2430 spem
347 2353 458 2430 gregis,
480 2371 513 2423 a,
534 2351 614 2413 silice
634 2354 664 2413 in
685 2353 763 2414 nuda
785 2355 888 2415 conixa
909 2352 1034 2432 reliquit.
1093 2364 1123 2416 15

158 2436 178 2513 β
239 2453 326 2514 saepe
348 2434 457 2496 malum
478 2435 535 2498 hoc
555 2436 653 2506 nobie,
682 2438 706 2497 si
728 2455 811 2498 mens
832 2455 891 2497 non
913 2435 993 2497 laeva
1015 2436 1122 2507 luisset,¹

242 2519 279 2582 dc
301 2518 381 2581 caelo
404 2526 494 2580 tactas
509 2521 627 2580 memini
648 2521 818 2598 praedicere
840 2538 976 2600 quercus.

116 2626 118 2631 ·
157 2625 175 2682 y
238 2604 403 2679 sedtamen
423 2604 477 2665 1010
499 2603 571 2664 deus
593 2604 643 2682 qui
665 2605 701 2664 sit
723 2605 773 2674 da,
796 2605 909 2684 Tityre,
932 2603 1026 2665 nobis.

150 2680 177 2746 α’
246 2687 277 2748 T.
300 2686 408 2748 Vrbem
430 2704 518 2765 ipram
539 2688 640 2749 dieunt
660 2688 798 2759 Romam,
821 2687 980 2767 llelibpee,
1002 2686 1100 2766 putavi

245 2770 350 2831 stultus
362 2787 416 2848 ego
431 2771 500 2832 huic
514 2777 631 2833 nostrae
642 2771 775 2841 similem,
789 2789 847 2849 quo
860 2788 947 2849 saepe
958 2770 1126 2832 0010000010

244 2861 376 2932 pastores
399 2855 494 2914 ovium
517 2861 633 2916 teneros
655 2855 801 2933 depellere
822 2855 907 2916 letus.

151 2931 181 3014 β’
244 2938 285 2997 010
307 2937 427 2998 canibus
449 2936 559 2998 catulos
579 2937 702 3006 similes,
724 2939 767 2998 sic
787 2938 929 2999 matribus
950 2936 1059 2998 haedos

244 3037 363 3091 noram,
386 3022 428 3081 sic
449 3021 544 3099 parvis
566 3038 743 3099 componere
764 3039 869 3099 magna
890 3020 1029 3081 solebam.

152 3096 181 3181 β’
246 3123 348 3166 verum
369 3105 443 3167 haec
464 3111 577 3165 tantum
599 3104 669 3167 alias
689 3106 765 3165 inter
786 3111 874 3182 caput
902 3103 1003 3165 extulit
1029 3102 1119 3163 nrbes
1155 3134 1159 3140 ·

247 3195 388 3268 quantum
409 3187 487 3249 lenta
508 3187 603 3249 solent
623 3189 699 3248 inter
719 3188 842 3249 viburna
864 3188 1004 3266 cupressi.
1095 3197 1130 3248 25

122 3317 124 3322 .
154 3265 181 3347 γ’
244 3273 286 3330 M.
310 3279 338 3333 et
359 3290 435 3352 quae
456 3278 534 3333 tanta
556 3273 617 3334 luit
630 3271 754 3332 Romam
774 3271 826 3331 tihi
849 3289 936 3332 causa
956 3269 1088 3330 videndil

123 3354 151 3410 Γ
163 3375 182 3410 e
249 3354 281 3414 T.
303 3355 451 3426 Libertas,
475 3375 550 3434 quae
571 3374 637 3418 sera
658 3362 756 3416 tamen
777 3356 906 3432 respexit
927 3355 1060 3419 inertem,

248 3437 398 3499 candidior
419 3447 574 3518 postquam
595 3438 727 3500 tondenti
748 3436 841 3500 barba
863 3436 994 3505 cadebat,

191 3550 320 3597 0000000,
340 3554 453 3590 vanarn.
606 3567 609 3573 ·
958 3538 972 3593 1
