2512 4096
130 284 170 344 74
413 293 557 342 vnnorm
579 293 781 344 ononorcou
803 296 856 342 1111

129 450 242 527 primus
263 446 413 509 abundare
435 457 464 509 et
485 450 647 526 spumantia
670 467 776 528 cogere
796 449 905 526 pressis
1097 465 1143 520 lto

128 530 215 614 mella
236 531 323 592 faris:
345 529 386 591 illi
407 530 484 593 tiliae
506 539 591 611 atque
613 532 761 594 uberrima
783 533 877 610 pinus,

129 621 257 695 quotque
278 615 308 675 iu
329 613 403 676 flore
424 633 499 675 novo
521 617 615 693 pomis
637 634 668 676 se
690 615 792 677 fertilis
813 615 901 676 arbos

21 731 27 743 ·
127 697 278 769 induerat,
300 698 421 760 totidem
442 705 581 759 autumno
604 708 717 759 matura
740 697 865 759 tenebat.

127 779 176 843 ille
198 782 285 843 etiam
305 798 386 843 seras
407 782 437 841 iu
458 799 575 842 versum
597 782 706 842 distulit
728 781 823 842 ulmos

128 864 309 946 eduramque
330 866 427 943 pirum
450 874 479 926 et
500 867 599 943 spinos
621 866 678 926 iam
699 883 794 944 pruna
816 865 936 926 ferentis
1095 880 1140 934 145

126 949 243 1027 iamque
265 948 477 1009 ministrantem
498 947 646 1027 platanum
669 947 835 1028 potantibus
856 947 986 1010 umbras.
1102 956 1105 961 ’

126 1049 229 1092 verum
251 1032 325 1093 haec
345 1031 408 1109 ipse
430 1031 565 1110 equidem
586 1033 685 1111 spatiis
707 1031 843 1093 exclusus
867 1032 974 1111 iniquis

125 1122 280 1192 praetereo
301 1122 389 1193 atque
410 1113 472 1174 aliis
494 1115 560 1193 post
581 1133 628 1177 me
649 1115 838 1176 memoranda
859 1114 1005 1193 relinquo.

168 1197 254 1259 Nunc
275 1216 342 1277 age,
364 1206 484 1258 naturas
505 1197 609 1277 apibus
631 1217 703 1277 quas
723 1199 853 1277 luppiter
874 1198 937 1276 ipse
982 1260 984 1265 ,

126 1281 249 1351 addidit,
273 1282 438 1360 expediam,
461 1299 516 1360 pro
539 1299 595 1360 qua
617 1282 753 1342 mercede
775 1298 898 1342 canoros

126 1363 264 1426 Curetum
286 1365 397 1425 sonitus
419 1365 646 1444 crepitantiaque
667 1383 735 1426 aera
756 1371 874 1426 secutae

125 1446 245 1508 Dictaeo
267 1447 339 1509 caeli
360 1465 461 1526 regem
483 1466 589 1526 pavere
611 1448 665 1509 sub
688 1456 782 1509 antro.

124 1529 204 1592 solae
226 1531 389 1592 communis
409 1539 508 1602 natos,
532 1533 677 1592 consortia
698 1539 774 1593 tecta

125 1613 208 1674 urbis
228 1613 351 1684 liabent,
373 1616 543 1693 magnisque
565 1616 675 1694 agitant
695 1616 751 1676 sub
772 1614 886 1694 legibus
908 1632 1020 1686 aevom,

125 1703 155 1757 et
176 1698 300 1775 patriam
322 1696 401 1758 solae
422 1705 450 1758 et
472 1706 567 1758 certos
588 1717 698 1759 novere
718 1701 846 1777 penatis;

124 1788 322 1860 venturaeque
343 1781 446 1842 hiemis
467 1799 614 1843 memores
635 1789 743 1844 aestate
764 1781 896 1843 laborem

124 1865 315 1943 experiuntur
338 1866 417 1925 etin
438 1865 567 1926 medium
589 1868 717 1945 quaesita
738 1873 895 1944 reponunt.

62 2000 70 2007 .
123 1965 250 2028 namque
272 1947 345 2009 aliae
366 1949 443 2009 rictu
464 1949 612 2026 invigilant
635 1957 663 2011 et
684 1951 803 2011 foedere
824 1956 909 2029 pacto

124 2039 299 2093 exercentur
320 2033 411 2111 agris:
434 2051 503 2112 pars
523 2036 600 2095 iutra
623 2040 722 2112 saepta
744 2034 898 2094 domorum

123 2113 251 2176 Narcissi
271 2114 421 2176 lacrimam
444 2123 472 2177 et
492 2117 604 2178 lentum
626 2117 662 2178 de
677 2118 786 2179 cortice
805 2115 906 2193 gluten
930 2176 931 2180 ,

122 2197 217 2274 prima
239 2199 310 2258 favis
331 2207 445 2278 ponunt
466 2201 649 2272 fundamina,
673 2201 778 2261 deinde
800 2200 909 2260 tenacis

123 2280 306 2357 suspendunt
328 2301 425 2351 ceras;
448 2283 520 2344 aliae
541 2302 624 2362 spem
646 2287 740 2362 gentis
762 2283 876 2346 adultos

123 2361 252 2423 educunt
273 2363 362 2433 letus;
385 2363 458 2425 aliae
479 2368 634 2444 purissima
656 2367 741 2429 mella

121 2446 230 2523 stipant
251 2455 280 2506 et
301 2445 410 2525 liquido
433 2448 601 2509 distendunt
620 2458 740 2511 nectare
762 2451 858 2512 cellas.

122 2536 191 2588 sunt
212 2528 318 2607 quibus
340 2529 377 2590 ad
398 2537 498 2609 portes
520 2532 624 2592 cecidit
642 2534 773 2594 custodia
795 2536 875 2605 sorti,

121 2613 210 2691 inque
231 2613 324 2672 vicem
345 2612 533 2691 speculantur
555 2633 645 2694 aquas
667 2622 695 2676 et
717 2616 815 2678 uuhila
841 2618 921 2688 caeli,

121 2701 171 2756 aut
193 2713 283 2756 onera
305 2696 451 2774 accipiunt
471 2700 653 2769 venientum,
676 2706 726 2760 aut
747 2701 861 2778 agmine
883 2703 958 2762 facto

121 2778 256 2853 ignavom
277 2779 362 2839 fucos
382 2796 473 2857 pecus
495 2798 511 2840 a
532 2781 724 2861 praesepibus
745 2792 854 2846 arcent.

120 2861 214 2922 ferret
235 2879 322 2941 opus,
345 2860 536 2943 redolentque
557 2864 655 2944 thymo
678 2868 835 2946 fragrantia
855 2867 951 2932 mella.

121 2962 156 3004 ac
177 2943 266 3006 veluti
287 2944 372 3006 lentis
394 2945 534 3026 Cyclopes
556 2948 676 3011 fulmina
697 2953 800 3012 massis

121 3045 189 3088 cum
210 3037 386 3108 properant,
408 3031 456 3092 alii
477 3033 600 3093 taurinis
621 3033 738 3096 follibus
760 3055 846 3097 auras

121 3111 267 3189 accipiunt
287 3114 486 3194 redduntque,
509 3115 556 3178 alii
577 3118 727 3180 stridentia
749 3121 863 3197 tingunt

121 3210 189 3254 aera
210 3193 292 3264 lacu;
315 3199 405 3275 gemit
425 3199 557 3276 inpositis
579 3201 733 3262 incudibus
754 3203 861 3271 oletum

120 3277 161 3338 illi
182 3278 259 3339 inter
281 3297 345 3341 sese
367 3298 472 3359 magna
493 3281 520 3340 vi
541 3281 679 3345 bracchia
701 3282 805 3344 tollunt

119 3363 150 3422 in
171 3378 341 3432 numerum,
364 3369 539 3441 versantque
560 3368 655 3426 tenaci
675 3367 787 3446 forcipe
808 3368 935 3430 ferrum:

119 3461 179 3506 nou
200 3443 298 3516 aliter,
320 3447 346 3506 si
366 3463 455 3524 parva
476 3445 545 3509 licet
566 3467 743 3528 componere
764 3453 886 3530 magnis,

120 3525 276 3608 Cecropias
296 3530 412 3593 iunctm
433 3547 504 3609 apes
525 3547 609 3595 amor
629 3540 736 3610 urguet
757 3533 882 3598 habendi
