2512 4096
455 280 600 328 vnnorcr
621 279 748 330 annuis
770 280 795 328 x
1069 269 1130 332 289

124 438 184 520 per'
202 455 304 499 remos
326 436 383 498 alii.
421 437 591 516 speculatus
613 435 700 496 litora
723 434 873 504 Tarchon,
1081 411 1131 495 ato

125 542 183 603 qua
206 523 279 583 rada
301 539 362 583 non
384 529 484 600 sperat
505 538 562 581 nec
583 519 676 581 fracta
697 526 899 580 remurmurat
920 518 1015 596 unda,

126 606 179 668 sed
202 624 283 667 mare
305 605 483 666 inoffensum
506 606 653 666 crescenti
675 603 827 665 adlabitur
844 610 943 673 aestu,

125 691 252 752 advertit
273 688 370 751 subito
393 707 514 770 proram
536 689 690 768 sociosque
712 694 866 766 precatur:

125 778 236 845 ‘nunc,
260 793 278 835 o
299 773 376 835 lecta
398 791 518 842 manus,
541 772 644 833 validis
666 771 829 832 incumbite
851 770 960 840 remie3

124 858 234 928 tollite,
257 857 333 919 lerte
355 867 449 928 rates;
473 857 625 919 inimicam
647 856 748 916 findite
770 856 875 916 rostris
1081 863 1130 913 tat
1167 862 1173 875 ‘

124 942 201 1004 hanc
222 949 350 1013 terram,
374 941 548 1021 sulcumque
570 940 627 1002 sihi
649 952 766 1020 premat
785 940 847 1017 ipsa
870 939 980 1000 carina.

123 1035 262 1110 trangcre
283 1049 340 1094 nec
358 1031 409 1092 tali
429 1033 553 1111 puppim
574 1033 698 1094 statione
718 1049 826 1093 recuso

124 1123 243 1194 arrepta
260 1115 366 1177 tellure
383 1115 494 1177 semel!
529 1134 604 1196 quae
625 1116 693 1177 talia
715 1124 871 1195 postquam

127 1200 232 1261 effatus
251 1199 398 1270 Tarchon,
420 1201 492 1260 socii
517 1216 698 1277 consurgere
717 1202 815 1262 tonsis·

124 1284 347 1363 spumantisque
360 1290 448 1344 -rateo
466 1283 543 1343 arvia
563 1283 674 1345 inferre
694 1285 814 1355 Latinis,

124 1366 220 1429 donec
238 1374 335 1428 rostra
354 1374 456 1428 tenent
477 1369 589 1428 siccum
611 1375 641 1429 et
662 1369 767 1429 sedere
789 1369 907 1428 carinae

124 1469 227 1512 omnes
245 1451 399 1522 innocuae,
421 1451 472 1512 sed
491 1469 552 1511 non
570 1453 677 1531 puppis
700 1458 758 1523 tua,
781 1452 929 1514 Tarchon.

124 1553 251 1614 namque
273 1535 383 1596 inflicta
404 1536 469 1597 vadi
491 1536 580 1598 dorso
601 1536 671 1597 dum
688 1537 798 1615 pendet
817 1538 927 1616 iniquo,

124 1637 234 1698 anceps
256 1625 415 1680 sustentata
434 1620 493 1690 dlu,
514 1619 680 1701 fluctusque
703 1621 814 1700 fatigat,

123 1704 247 1764 solvitur
269 1712 358 1783 atque
379 1705 458 1765 viros
472 1704 584 1765 *mediis
607 1705 726 1783 exponit
747 1707 778 1765 iu
796 1702 882 1766 undis

122 1788 267 1866 fragmina
286 1806 436 1850 remorum
458 1806 532 1868 quos
552 1795 581 1850 et
604 1788 747 1852 fluitantia
769 1796 898 1851 transtra

122 1872 295 1951 impediunt,
314 1874 496 1951 retrahitque
517 1873 624 1951 pedem
644 1874 731 1934 simul
752 1873 832 1934 unda
851 1871 998 1934 relabens.

165 1957 227 2018 Nec
249 1957 383 2017 Turnum
405 1957 504 2034 segnis
524 1959 632 2017 retinet
648 1975 741 2026 mora,
764 1956 816 2018 sed
834 1957 913 2034 rapit
934 1972 1003 2016 acer

124 2048 213 2101 totam
237 2042 330 2101 aciem
351 2041 382 2099 ln
402 2040 534 2100 Teucros
556 2047 585 2100 et
606 2048 709 2099 contra
730 2040 761 2099 in
784 2038 871 2099 litore
889 2039 973 2099 sistit.

127 2125 210 2201 signa
233 2129 351 2183 canunt.
383 2124 497 2191 primus
518 2130 630 2183 turmas
648 2123 754 2182 invasit
774 2124 899 2198 agrestis

122 2208 244 2276 Aeneas,
267 2223 354 2267 omen
374 2222 499 2284 pugnae,
521 2207 681 2284 stravitque
703 2206 822 2267 Latinos

124 2293 221 2353 occiso
236 2290 385 2359 Therone,
406 2290 501 2350 virum
519 2291 570 2368 qui
589 2291 734 2351 maximus
754 2289 832 2350 ultro

123 2376 242 2436 Aenean
265 2376 351 2453 petit:
373 2374 445 2434 huic
464 2373 559 2452 gladio
580 2390 693 2454 perque
713 2392 800 2435 aerea
821 2382 897 2446 suta,

123 2476 177 2538 per
198 2460 328 2520 tunicam
352 2456 535 2537 squalentem
556 2476 629 2520 auro
650 2457 727 2519 latus
752 2458 851 2519 haurit
873 2468 1018 2537 apertrmr.

123 2543 192 2604 inde
208 2542 318 2603 Lichan
341 2541 418 2615 ierit,
438 2548 588 2604 exsectum
609 2543 668 2604 iam
691 2549 787 2604 matre
807 2551 962 2624 perempta

124 2633 153 2688 et
173 2626 235 2698 tihi,
259 2626 388 2697 Phoebe,
412 2643 548 2688 sacrum:
572 2645 657 2688 casus
680 2628 804 2690 eradere
822 2629 894 2690 farri

123 2727 181 2788 quo
203 2708 283 2772 licuit
303 2711 413 2788 parnei
442 2729 498 2773 nec
518 2710 607 2790 longe
628 2712 725 2775 Cissea
749 2713 858 2775 durum

121 2796 338 2873 immanemque
361 2795 452 2874 Gyan,
474 2797 632 2858 sternentis
653 2800 771 2876 agmina
791 2797 879 2869 olava,

122 2878 228 2938 deiecit
245 2879 333 2938 Leto:
353 2878 426 2938 nihil
448 2879 512 2939 illos
534 2879 669 2941 Herculis
690 2900 772 2942 arma

122 2978 179 3021 nec
201 2959 312 3021 validae
333 2962 434 3022 iuvere
455 2979 558 3022 manus
577 2965 752 3043 genitorque
772 2963 944 3042 Melampus,

123 3042 241 3105 Alcidae
263 3060 363 3104 comes
385 3063 478 3123 usque
504 3047 601 3123 gravis
622 3045 692 3107 dum
713 3054 794 3108 terra
816 3046 933 3108 labores

123 3127 269 3206 praebuit.
304 3146 374 3189 ecce
395 3129 502 3199 Pharo,
525 3146 613 3190 voces
635 3130 706 3191 dum
728 3132 815 3192 iactat
834 3131 946 3203 inertia,

123 3213 296 3290 intorquens
316 3213 446 3274 iaculum
469 3213 605 3276 clamanti
627 3216 702 3276 sistit
721 3216 751 3275 in
775 3234 836 3277 ore.
864 3200 877 3241 Χ

123 3302 156 3356 tu
180 3313 306 3374 quoque,
330 3296 484 3360 flaventem
505 3299 601 3378 prima
621 3298 757 3378 lanugine
780 3301 870 3363 malas

123 3380 193 3440 dum
215 3381 348 3458 aequeris
371 3381 495 3461 Clytium
514 3384 620 3452 infelix,
643 3402 717 3446 nova
739 3387 854 3464 gaudia,
876 3386 984 3468 Cydon,

123 3463 268 3525 Dardania
289 3471 397 3526 stratus
416 3466 528 3537 dextra,
551 3486 674 3530 securus
697 3489 843 3544 amorum,

124 3549 174 3628 qui
195 3549 333 3609 iuvenum
358 3550 411 3611 tibi
431 3569 548 3626 semper
569 3561 661 3623 orant,
684 3555 850 3618 miserande
871 3558 993 3629 iaceres,

177 3664 307 3705 nicanore.
327 3666 435 3702 vanarn.
894 3655 933 3714 19
