2512 4096
170 275 232 342 122
506 286 648 336 rursus
671 286 797 336 suums
819 289 845 335 11

168 450 354 522 regnatorem
374 442 467 504 Asiae.
511 443 586 503 iacet
606 439 709 522 ingens
725 442 811 504 litore
832 451 954 503 truncus

168 526 357 605 avolsumque
378 527 488 587 umeris
510 534 597 605 caput
616 535 645 587 et
663 527 726 588 sine
747 527 865 587 nomine
888 541 1004 604 corpus.

209 610 246 671 lit
265 629 313 672 me
334 616 396 672 tum
418 609 547 689 primum
567 627 670 671 saeros
692 611 883 672 circumstetit
897 609 1014 670 borror.

168 694 311 775 opstipui;
333 693 422 755 subiit
442 695 502 756 cari
524 694 664 772 genitoris
686 695 797 772 imago,
1132 703 1181 756 555

168 784 201 840 ut
219 795 321 857 rogem
343 794 522 856 aequaevom
543 776 655 840 crudeli
674 776 793 839 volnere
813 777 872 838 vidi

168 864 256 924 vitam
277 859 476 931 exhalantem
499 860 588 924 subiit
608 861 723 924 deserta
745 861 853 924 Creusa

168 955 199 1008 et
214 946 327 1025 direpta
348 944 454 1007 domus
472 953 502 1008 et
522 946 605 1024 parvi
623 963 708 1007 casus
730 944 793 1006 lull.

168 1030 294 1108 respicio
312 1036 355 1099 et,
378 1046 452 1107 quae
474 1030 512 1089 sit
532 1046 580 1090 me
596 1028 713 1091 'circum
732 1030 830 1107 copie,
852 1028 945 1089 lustro

169 1114 329 1177 deseruere
350 1129 453 1174 omnes
475 1112 598 1183 defossi,
621 1120 651 1175 et
671 1130 795 1191 corpora
815 1111 890 1172 saltu
1133 1121 1182 1174 555

168 1198 205 1259 ad
227 1202 337 1258 terram
357 1197 465 1258 misere
488 1203 539 1258 aut
559 1195 675 1276 ignibus
697 1213 785 1274 aegra
805 1195 922 1257 dedere.
1022 1257 1025 1263 ,

210 1281 331 1360 lamque
351 1279 425 1341 adeo
446 1297 536 1359 super
557 1298 633 1341 unus
656 1298 754 1350 eram,
780 1298 847 1341 cum
868 1278 967 1339 limina
991 1277 1093 1339 Vestae

169 1370 334 1426 servantem
357 1370 386 1424 et
409 1365 527 1425 tacitam
548 1372 662 1426 secreta
683 1365 714 1426 in
732 1363 801 1426 sede
821 1363 959 1426 latentem

168 1447 334 1527 Tyndarida
355 1448 480 1525 aspicio;
503 1448 572 1509 dant
593 1447 701 1510 claram
721 1445 859 1509 incendia
880 1446 976 1508 lucem

169 1533 280 1592 erranti
299 1531 467 1609 passimque
487 1529 588 1594 ocellos
610 1550 664 1611 por
686 1538 791 1594 cuncta
811 1532 925 1593 ferenti.
1133 1538 1183 1593 570

168 1614 217 1677 illa
238 1614 293 1676 sibi
314 1614 436 1675 infestos
457 1632 558 1676 eversa
579 1615 618 1676 ob
641 1617 782 1695 Pergama
799 1614 930 1676 l’eucros

170 1705 328 1776 et·poenas
349 1697 483 1758 Danaum
504 1704 534 1760 et
552 1697 661 1760 deserti
682 1699 814 1775 coniugis
830 1700 889 1758 iras

168 1791 392 1860 praemetuens,
414 1780 520 1842 Troiae
542 1788 571 1842 et
592 1783 704 1860 patriae
722 1782 884 1843 communis
907 1782 1017 1861 erinys

169 1864 322 1927 abdiderat
341 1882 408 1926 sese
424 1869 511 1944 atque
534 1867 592 1927 aris
613 1867 704 1927 inrisa
722 1865 851 1926 sedebat.

169 1968 308 2013 exarsere
328 1950 412 2028 ignes
433 1950 544 2019 animm
567 1948 646 2010 subit
665 1951 709 2010 ira
732 1949 884 2010 cadentem
1134 1954 1183 2011 575

172 2033 272 2097 tlcisci
292 2034 416 2112 patriam
439 2038 468 2093 et
487 2031 644 2094 sceleratas
667 2050 784 2094 sumere
806 2049 925 2110 poenas.

171 2116 296 2179 ‘scilicet
316 2117 390 2178 baec
409 2115 545 2194 Spartam
566 2115 721 2178 incolumis
740 2117 907 2196 patriasque
927 2116 1063 2196 Mycenas

170 2201 304 2281 aspiciet,
323 2205 466 2280 partoque
486 2199 540 2261 ibit
560 2202 662 2280 regina
679 2200 844 2280 triumpho,

171 2284 398 2363 coniugiumque
422 2283 600 2364 domumque
620 2293 720 2364 patres
740 2291 885 2363 natosque
907 2281 1024 2352 ridebit,

170 2365 293 2428 lliadum
313 2365 401 2428 turba
423 2374 452 2427 et
472 2367 606 2448 Phrygiis
626 2371 762 2430 comitata
780 2367 938 2430 ministrisi
1134 2376 1184 2431 580

171 2449 312 2511 occiderit
332 2449 412 2512 ferro
434 2450 586 2512 Priamus?
628 2451 718 2512 'lroia
738 2452 844 2512 arserit
861 2452 940 2530 ignit

169 2532 350 2596 Dardanium
370 2533 476 2593 totiens
494 2532 606 2595 sudarit
624 2534 765 2612 sanguim
785 2532 872 2595 litus?

170 2634 231 2678 non
252 2618 302 2678 ita.
345 2632 473 2694 namque
494 2617 549 2676 etsi
569 2608 684 2679 nullum
704 2615 895 2678 memorabile
915 2634 1024 2679 nomen

169 2700 295 2762 leminea
314 2699 346 2760 in
367 2716 463 2778 poena
485 2707 530 2760 est
548 2699 715 2761 nechabet
736 2701 856 2761 victoria
878 2699 1008 2770 laudem,

171 2784 329 2844 extinxisse
346 2782 430 2844 noias
449 2788 548 2845 tamen
569 2791 598 2843 et
615 2783 775 2862 sumpsisse
789 2785 928 2846 merentis
1135 2794 1185 2850 585

169 2864 314 2928 laudabor
334 2883 460 2946 poenes,
482 2868 671 2947 animumque
693 2866 826 2947 explesse
845 2867 955 2929 iuvabit

170 2950 283 3012 ultricis
303 2949 439 3012 flammae
461 2957 490 3012 et
507 2951 620 3014 cineres
641 2953 761 3014 satiasse
779 2970 924 3014 meorum.

170 3033 240 3095 talia
259 3033 404 3096 lactabam
426 3041 455 3096 et
470 3035 576 3098 fruiata
597 3032 707 3099 mente‘
717 3037 848 3107 ferebar,

171 3136 239 3180 cum
257 3118 329 3180 mibi
348 3136 400 3190 so,
421 3136 483 3180 non
503 3127 571 3183 ente
592 3120 686 3184 oculis
703 3127 763 3183 tarn
784 3121 878 3189 clara,
896 3118 1052 3179 videndam

170 3199 277 3281 optulit
294 3209 324 3265 et
341 3218 417 3282 pura
437 3219 492 3281 per
512 3211 630 3267 noctem
651 3206 680 3266 in
701 3203 769 3266 luco
786 3201 900 3266 refulsit
1133 3209 1185 3266 59⁰

170 3283 247 3348 almo
266 3301 390 3364 parens,
410 3286 545 3349 confessa
565 3287 651 3350 deam
672 3286 824 3366 pralbque
844 3284 936 3348 rideri

172 3366 316 3430 caelicolis
337 3375 367 3431 et
387 3375 494 3447 quoma
515 3369 606 3441 solet,
630 3370 792 3450 dextraque
811 3369 990 3449 prehensum

171 3453 328 3525 continuit,
348 3469 495 3532 roseoque
514 3453 588 3516 baec
609 3453 730 3533 insuper
750 3452 860 3518 addidit
880 3471 946 3515 ore:

179 3541 269 3608 'natm
290 3536 355 3618 quis
374 3534 529 3598 indomitas
549 3544 647 3600 tantus
668 3535 753 3599 dolor
772 3539 877 3601 excitat
897 3537 973 3599 iras?
