2512 4096
413 283 559 362 'venerer
575 285 699 333 anusrs
715 286 764 332 vu
1029 272 1089 334 223

86 448 148 500 atra
169 437 285 516 subegit
305 437 419 518 hiemps
437 441 540 500 vestris
561 440 720 501 succedere
738 440 825 504 terris
886 455 889 457 ’

87 540 141 584 uec
162 521 242 582 sidus
261 523 381 601 regione
399 523 462 584 riae
483 521 586 583 litusve
606 521 721 587 ieiellite
960 540 962 542 ·
1041 530 1091 581 sla

87 603 207 666 consilio
227 604 304 666 hanc
321 622 422 666 omnes
439 606 599 685 animisque
619 605 782 667 volentibus
800 605 906 666 urbem

87 689 253 759 adterimur,
276 687 353 767 pulsi
371 689 480 766 regnis,
503 706 578 767 quae
599 691 723 751 maxima
744 690 890 769 quondam

87 779 217 833 extremo
235 772 354 832 veniens
376 771 425 831 Sol
447 772 605 850 aspiciebat
626 771 758 852 Olympo.
808 807 811 811 .
911 789 915 795 ·

86 855 122 915 ab
144 855 211 916 lore
229 856 406 933 principium
427 857 553 934 generis,
576 856 644 917 lore
665 856 798 916 Dardana
819 855 912 934 pubes

85 938 191 1016 gaudet
212 956 274 1008 avo,
296 957 349 999 rex
371 941 433 1017 ipse
455 938 529 1000 lovis
551 939 588 999 de
609 946 695 1016 gente
714 957 860 1018 suprema,
1041 943 1092 994 220

85 1023 190 1083 Troius
210 1023 332 1091 deneas,
356 1028 405 1083 tua
423 1039 479 1082 nos
499 1023 536 1084 ad
557 1022 656 1084 limina
678 1022 764 1084 misit.

86 1113 193 1184 quanta
216 1122 269 1182 per
290 1105 392 1166 idaeos
414 1107 506 1168 saevis
529 1107 619 1168 eiiusa
640 1106 769 1186 Mycenis

86 1195 242 1264 tempestas
262 1189 330 1249 ierit
351 1206 479 1267 campos,
502 1189 607 1268 quibus
625 1199 707 1250 actus
728 1197 851 1267 uterque

86 1271 221 1349 Europae
240 1279 327 1351 atque
345 1272 428 1332 hsiae
450 1272 515 1332 iatis
537 1273 720 1333 concurrerit
742 1272 832 1341 orbis,

86 1353 176 1415 audiit
196 1361 225 1416 et
247 1356 361 1434 siquem
379 1353 464 1415 tellus
486 1365 614 1416 exmema
635 1354 736 1416 reiuso
1041 1359 1091 1410 22⁶

86 1445 248 1499 summovet
268 1455 378 1499 oceano
398 1445 427 1499 et
448 1439 561 1517 siquem
579 1446 695 1500 extenta
714 1437 866 1517 plagarum

87 1527 224 1600 quattuor
245 1522 275 1580 in
295 1521 391 1581 medio
414 1521 523 1582 dirimit
543 1522 629 1600 plaga
648 1521 725 1582 Solis
746 1523 846 1602 iniqui.

86 1602 193 1664 diluvio
217 1623 253 1665 ex
271 1603 320 1665 illo
342 1611 385 1664 tot
404 1613 483 1666 vasta
500 1623 555 1686 per
571 1622 698 1685 aequora
715 1607 789 1666 vecti

87 1687 130 1748 dis
150 1688 249 1749 sedem
272 1688 405 1767 exiguam
421 1691 523 1768 patriis
544 1688 672 1769 litusque
698 1706 837 1766 rogamus

85 1773 245 1833 innocuum
267 1779 296 1832 et
318 1773 429 1833 cunctis
449 1773 618 1853 undamque
639 1790 799 1850 auramque
819 1781 975 1851 patentem.
1041 1777 1092 1830 230

85 1871 145 1914 non
167 1855 276 1917 erimus
296 1871 389 1932 regno
412 1856 575 1926 indecores,
596 1873 652 1917 nec
671 1864 768 1917 vestra
788 1856 909 1917 feretur

85 1938 162 1999 sama
182 1937 252 2000 levis
273 1941 404 2017 tantique
426 1938 574 2001 abolescet
599 1940 689 2017 gratia
710 1938 787 2008 iacti,

85 2037 141 2081 nec
157 2020 275 2081 Troiam
297 2022 440 2082 Ausonios
461 2025 573 2100 gremio
595 2023 744 2097 excepisse
761 2020 881 2099 pigebit.

86 2103 143 2163 iata
164 2120 219 2180 per
239 2104 354 2165 Aeneae
370 2107 437 2166 iuro
459 2105 650 2184 dextramque
669 2111 818 2180 potentem

86 2188 146 2247 sive
163 2186 220 2247 dds
242 2203 295 2248 seu
313 2189 377 2265 quis
395 2185 472 2248 bello
489 2196 533 2248 est
555 2193 692 2266 expertus
713 2193 742 2246 et
762 2189 864 2246 armis:
1042 2194 1091 2244 ruo

87 2268 169 2330 multi
190 2286 244 2330 nos
266 2269 376 2348 populi,
399 2269 507 2331 multae
529 2270 576 2349 (ne
597 2276 703 2340 temne,
725 2270 802 2347 quod
822 2269 901 2331 ultro

86 2352 280 2432 praeferimus
299 2352 434 2414 manibus
452 2353 536 2414 vittas
554 2371 588 2414 ac
609 2351 698 2414 rerba
714 2353 871 2432 precantia)

87 2444 116 2498 et
138 2436 251 2514 petiere
272 2435 327 2497 sibi
348 2444 377 2497 et
398 2435 517 2498 voluere
540 2437 699 2514 adiungere
720 2444 835 2515 gentes;

85 2518 136 2581 sed
158 2537 212 2580 uos
232 2520 291 2581 fata
314 2521 400 2581 deum
419 2528 529 2581 uestras
550 2522 705 2600 exquirere
725 2528 818 2582 terras

85 2603 214 2681 imperiis
238 2621 325 2681 egere
346 2606 416 2666 suis.
451 2604 519 2665 hinc
539 2604 692 2665 Dardanus
712 2611 808 2671 ortus;
1041 2613 1091 2663 roo

85 2688 143 2748 huc
164 2689 270 2768 repetit
291 2689 433 2768 iussisque
454 2688 621 2766 ingentibus
641 2695 748 2766 urguet
769 2687 872 2765 Apollo

84 2769 270 2851 Tyrrhenum
292 2772 329 2833 ad
349 2771 490 2851 Thybrim
513 2779 543 2834 et
564 2772 651 2833 fontis
673 2772 743 2833 vada
766 2789 849 2832 sacra
869 2771 991 2833 Numici.

85 2939 134 2997 dat
150 2938 203 2997 tibi
223 2945 376 3014 praeterea
398 2937 533 2999 fortunae
553 2956 643 3016 parva
661 2939 767 3016 prioris

85 3036 217 3089 munera,
239 3019 377 3096 reliquias
398 3019 486 3080 Troia
508 3040 543 3081 ex
566 3021 687 3081 ardente
709 3031 851 3100 receptas.

77 3103 142 3162 'hoc
159 3108 242 3179 pater
260 3102 400 3164 Anchises
420 3121 492 3164 auro
512 3103 621 3165 libabat
642 3103 678 3163 ad
700 3121 780 3173 aras:
1040 3114 1091 3163 eso

86 3187 142 3246 hoc
163 3186 270 3247 Priami
289 3194 438 3264 gestamen
460 3196 531 3258 erat,
555 3205 622 3249 cum
644 3187 707 3248 iura
727 3190 834 3248 vocatis

87 3287 169 3330 more
191 3269 273 3331 darm
293 3270 417 3348 populls,
441 3278 649 3350 sceptrumque
671 3289 812 3350 sacerque
835 3272 920 3333 tiaras

86 3352 265 3432 Iliadumque
283 3353 367 3415 labor
392 3353 503 3418 vestes’
598 3412 601 3419 .

128 3435 245 3498 Talibus
268 3435 369 3498 lliouei
388 3436 471 3499 dictis
493 3439 585 3500 delixa
605 3438 724 3499 Latinus

86 3522 187 3582 obtutu
209 3528 289 3582 tenet
310 3538 362 3582 ora
385 3521 504 3601 soloque
526 3520 681 3583 immobilis
699 3521 801 3584 haeret
