2512 4096
595 269 693 320 CIBIS.

130 424 188 486 hoc
208 440 301 487 unum
323 424 412 486 exitio
435 421 520 484 docta
543 432 629 504 atque
652 432 772 505 experta
793 425 930 488 monebo.

127 506 205 588 quod
228 508 253 569 si
275 525 335 570 non
357 506 413 569 alia
427 507 539 587 poteris
560 509 674 569 ratione
695 515 848 588 parentem

127 590 248 653 flectere
271 590 332 672 (sed
354 591 481 671 poteris:
503 591 574 671 quid
596 593 675 652 enim
697 609 758 652 non
778 593 866 653 unica
886 592 1017 673 possisi),

107 681 189 736 ‘tum
211 676 308 755 petitu
329 682 428 736 tamen
449 675 519 745 ista,
541 674 591 754 pio
613 692 680 737 cum
702 676 767 736 iure
788 674 896 747 licebit,

127 776 195 820 cum
217 749 287 820 iacti
309 775 427 820 causam
449 764 624 838 tempusque
645 757 755 820 doloris
776 757 906 830 habebis,

126 849 189 903 tum
210 842 308 921 potius
330 846 435 903 conata
458 848 506 902 tua
528 847 615 921 atque
636 844 753 922 incepta
775 841 902 913 reierto;

126 943 233 1006 meque
255 926 385 1005 deosque
407 923 460 985 tibi
482 926 617 997 comites,
641 944 706 987 mea
729 924 861 997 alumna,
884 926 998 990 iuturos

126 1007 286 1088 polliceor:
309 1007 383 1070 nihil
406 1013 463 1078 cst,
486 1009 564 1088 quod
586 1011 680 1070 texuis
701 1009 820 1081 ordine,
843 1008 987 1090 longum?

169 1091 222 1153 ills
243 1091 295 1154 ubi
316 1090 457 1153 sollicitos
479 1093 569 1154 animi
591 1092 771 1154 relevaverat
792 1100 888 1155 aestus

126 1174 246 1236 vocibus
268 1181 298 1236 et
319 1173 426 1236 blanda
447 1181 550 1254 pectus
571 1193 624 1256 spa
645 1175 756 1238 luserat
778 1194 908 1256 aegrum,

126 1257 267 1338 paulatim
291 1256 485 1319 tremebunda
508 1260 592 1337 genis
614 1258 763 1320 obducere
785 1268 893 1326 vestem

125 1342 247 1421 virginis
270 1344 300 1402 et
320 1340 466 1420 placidam
489 1341 619 1403 tenebris
641 1349 760 1422 captare
782 1343 911 1424 quietem

125 1426 243 1486 inverso
265 1423 398 1486 bibulum
420 1425 609 1504 restinguens
629 1424 730 1487 lumen
752 1424 827 1487 olivo

125 1509 228 1587 incipit
249 1508 287 1569 ad
308 1507 488 1586 crebrosque
509 1509 606 1569 insani
626 1511 755 1588 pectoris
776 1511 851 1571 ictus

125 1591 205 1652 ierre
226 1609 361 1662 manum,
384 1590 513 1654 adsiduis
536 1591 668 1654 mulcens
689 1594 862 1673 praecordia
884 1595 999 1675 palmis.

125 1681 243 1735 noctua
264 1673 345 1736 illam
367 1675 410 1735 sic
431 1683 542 1736 maesta
564 1693 654 1756 super
678 1677 991 1740 morientis-alumnae

125 1755 278 1836 frigidulos
300 1757 400 1819 cubito
422 1757 546 1820 subnixa
566 1759 709 1841 pependit
729 1759 847 1823 ocellos.

124 1848 242 1920 postera
263 1840 314 1902 lux
334 1840 386 1902 ubi
407 1840 481 1902 laeta
504 1842 582 1903 diem
604 1841 779 1904 mortalibus
801 1842 910 1905 almum

125 1931 155 1985 et
176 1923 272 2004 gelida
293 1925 459 1985 venientem
481 1926 580 2004 ignem
603 1923 752 2004 quatiebat
773 1925 809 1986 ab
833 1926 914 1997 Oeta,

125 2025 213 2088 quem
235 2006 357 2085 pavidae
378 2005 499 2067 alternis
520 2007 646 2085 fugitant
667 2014 827 2086 optantque
848 2008 964 2090 puellae

125 2089 310 2170 (Hesperium
331 2090 437 2159 vitant,
460 2096 563 2169 optant
583 2089 738 2151 ardescere
760 2091 875 2173 Eoum),

124 2173 291 2254 praeceptis
311 2178 397 2252 paret
416 2173 499 2252 virgo
521 2174 644 2234 nutricis
666 2181 696 2235 et
717 2191 820 2235 omnes

123 2258 254 2338 undique
276 2256 425 2336 conquirit
445 2255 576 2317 nubendi
597 2255 700 2349 sedula
721 2274 832 2321 causas.

123 2346 306 2420 temptantur
326 2340 438 2419 patriae
460 2339 613 2402 submissis
633 2340 753 2403 vocibus
775 2360 869 2413 aures,

123 2423 338 2504 laudenturque
359 2422 455 2484 bonae
475 2424 558 2503 pacis
578 2423 671 2487 bona:
693 2423 802 2488 multus
823 2428 941 2507 ineptae

123 2508 246 2586 virginis
266 2506 384 2568 insolito
406 2524 504 2569 sermo
526 2526 619 2570 novus
640 2517 720 2569 errat
741 2510 772 2569 in
794 2528 856 2572 oro.

124 2608 204 2652 nunc
225 2598 354 2652 tremere
374 2592 510 2654 instantis
531 2589 602 2653 belli
623 2593 784 2655 certamina
805 2592 877 2656 dicit

124 2692 368 2756 communemque
389 2676 495 2737 dmero
517 2674 620 2748 deum,
643 2694 723 2738 nunc
744 2679 824 2758 regis
846 2679 956 2749 amicis,

123 2760 240 2839 iamque
260 2760 318 2840 ipsi
339 2759 431 2820 verita
453 2761 484 2821 al
506 2778 538 2821 sa
560 2759 664 2821 orbam
685 2759 737 2821 ilat
757 2768 868 2824 maesta
888 2767 1020 2841 parente,

124 2860 193 2903 cum
213 2842 281 2903 love
303 2859 475 2904 communes
497 2845 547 2923 qui
568 2843 642 2904 nolit
662 2842 774 2905 habere
796 2852 927 2925 nepotes.

123 2941 204 2985 nunc
226 2925 314 2984 etiam
335 2924 459 2985 conficta
481 2924 548 2986 dolo
570 2926 723 2987 mendacia
744 2929 824 3006 turpi

123 3006 236 3068 invenit
257 3012 287 3067 et
308 3004 405 3067 divom
427 3013 520 3069 terret
541 3008 699 3068 tormidine
721 3009 812 3079 cives;

124 3107 204 3151 nunc
225 3088 281 3151 alia
304 3107 340 3151 ex
362 3087 427 3150 aliis
448 3092 515 3167 (nec
537 3089 652 3171 desunt)
675 3091 772 3152 omina
794 3092 918 3172 quaerit.

124 3173 195 3253 quin
218 3174 304 3234 etiam
327 3179 423 3234 castos
444 3190 514 3238 ausa
536 3182 581 3236 est
602 3191 794 3254 corrumpere
815 3182 903 3246 vates,

124 3263 170 3327 ut,
194 3273 261 3318 cum
283 3274 368 3319 caesa
389 3259 439 3337 pio
461 3259 616 3320 cecidisset
635 3258 753 3319 victima
775 3258 865 3329 terro,

124 3346 224 3401 essent
245 3341 295 3420 qul
316 3357 460 3420 generum
481 3342 578 3404 Minoa
599 3341 768 3404 auctoribus
791 3343 864 3404 extis

122 3424 246 3503 iungere
269 3430 298 3484 et
319 3425 461 3502 ancipites
481 3425 641 3488 suaderent
661 3423 765 3487 tollere
787 3443 910 3506 pugnas.

165 3508 203 3570 tt
223 3509 336 3578 nutrix,
358 3506 457 3586 patula
479 3526 660 3590 componens
681 3506 793 3572 sulfura
815 3515 897 3579 testa,
