2512 4096
432 310 445 328 f
458 290 602 340 vnnolnt
625 289 749 338 nnuma
773 289 785 337 1

122 448 284 530 expediunt
299 449 367 510 lessi
387 466 503 517 rerum,
524 448 684 524 frugesque
702 449 837 522 receptas

122 541 152 597 et
172 539 289 594 torrere
306 539 411 610 parant
432 531 557 592 ssammis
579 536 608 592 et
629 530 767 606 frangere
788 545 868 588 saxo.

165 617 279 679 Aeneas
301 615 453 695 scopulum
473 617 585 677 interea
606 613 776 676 conscendit
795 618 823 672 et
846 629 962 673 omnem
1092 622 1142 676 lto

124 710 315 779 prospectum
333 699 390 762 late
411 699 516 780 pelago
537 701 622 777 petit,
644 698 758 759 Anthea
773 697 894 775 -siquem

123 786 261 847 boatum
284 791 370 846 vento
391 785 488 847 n‘deat
509 784 708 863 Phrygiasque
729 781 849 843 biremis

122 874 173 930 aut
192 867 292 950 Capyn
311 875 361 930 aut
378 868 464 930 celsis
485 871 515 929 in
536 867 685 946 puppibus
706 884 788 927 arma
812 864 898 926 Caici.

121 970 227 1014 narem
244 955 273 1013 in
297 959 458 1031 conspectu
480 951 605 1023 nullam,
626 952 678 1011 tris
696 951 781 1011 litore
805 967 907 1011 cervos

121 1037 264 1116 prospicit
282 1039 421 1107 errantis;
449 1037 504 1098 lios
525 1043 585 1097 tota
605 1042 736 1097 armenta
758 1042 897 1096 secuntur
1092 1041 1141 1098 186

122 1137 139 1181 a
162 1128 261 1198 tergo,
293 1129 321 1182 et
342 1120 462 1200 longum
485 1139 540 1200 per
560 1119 642 1181 vallis
664 1121 794 1200 pascitur
813 1134 928 1196 agmen.

123 1205 252 1265 constitit
272 1205 335 1276 hic,
359 1223 519 1284 arcumque
541 1223 631 1265 manu
654 1203 817 1282 celerisque
839 1203 958 1278 sagittas

123 1289 268 1367 corripuit
293 1287 382 1369 [lidus
404 1307 480 1367 quae
503 1288 559 1350 tela
583 1289 704 1367 gerebat
721 1284 860 1366 Achates]

123 1371 320 1451 ductoresque
341 1373 427 1450 ipsos.
441 1374 586 1451 primum,
609 1374 702 1450 capita
724 1371 781 1431 alta
803 1370 923 1432 ferentis

123 1455 265 1517 cornibus
287 1456 435 1527 arboreis,
465 1458 584 1528 sternit,
608 1466 670 1518 turn
692 1454 795 1534 volgus
814 1463 843 1516 et
864 1472 981 1516 omnem
1091 1465 1142 1520 190

122 1540 227 1601 miscet
249 1558 340 1620 agens
361 1539 427 1603 telis
449 1559 570 1603 nemora
594 1542 670 1602 inter
693 1539 815 1602 frondea
836 1539 972 1609 turbam;

122 1641 180 1686 nec
204 1625 288 1704 prius
309 1625 438 1697 absistit,
467 1644 554 1705 quam
579 1633 691 1703 septem
709 1626 837 1705 ingentia
859 1627 952 1686 victor

124 1726 251 1788 corpora
274 1709 376 1770 tundat
398 1710 479 1772 humi
503 1718 532 1773 et
553 1728 709 1772 numerum
732 1728 800 1771 cum
820 1709 943 1771 naribus
966 1715 1081 1787 aequet.

124 1790 193 1853 binc
215 1801 334 1870 portum
353 1795 440 1872 petit,
465 1801 494 1857 et
515 1797 611 1856 socios
633 1797 758 1874 partitur
781 1799 811 1855 in
830 1796 932 1855 omnis.

123 1878 189 1939 rina
211 1876 307 1938 bonus
329 1895 404 1956 quae
426 1879 531 1941 deiude
553 1880 632 1941 cadis
655 1887 793 1941 onerarat
812 1879 931 1940 Acestes
1091 1887 1140 1941 195

123 1960 210 2022 litore
228 1959 379 2024 Trinacrio
400 1963 580 2043 dederatque
602 1963 779 2025 abeuntibus
800 1962 905 2030 heros,

125 2044 238 2114 dividit,
259 2052 288 2107 et
306 2045 390 2107 dictis
409 2049 568 2109 maerentia
591 2054 711 2125 pectora
733 2044 859 2107 mulcet:

127 2138 162 2189 ‘o
182 2130 254 2190 socii
272 2129 378 2210 (neque
397 2132 474 2191 enim
495 2132 589 2209 ignari
612 2149 713 2191 sumus
731 2139 797 2190 ante
818 2126 974 2208 malorum)

126 2232 142 2273 o
163 2214 241 2292 passi
261 2215 412 2292 graviora,
436 2214 516 2274 dabit
538 2215 610 2274 deus
632 2215 677 2273 his
697 2231 814 2291 quoque
834 2213 933 2273 finem.

124 2315 175 2358 ros
197 2304 226 2359 et
246 2296 408 2378 Scyllaeam
430 2297 542 2357 rabiem
564 2299 738 2376 penitusque
760 2299 890 2357 sonantis

124 2384 245 2445 accestis
264 2380 418 2460 scopulos,
439 2399 491 2442 vos
513 2388 542 2443 et
561 2380 701 2460 Cyclopea
722 2399 791 2442 saxa

124 2464 253 2547 experti:
274 2473 410 2528 revocate
428 2467 554 2537 animos,
575 2473 776 2544 maestumque
797 2467 932 2528 timorem

123 2551 242 2620 mittite;
260 2550 360 2612 forsan
383 2559 413 2612 et
435 2551 509 2612 haec
531 2550 599 2611 olim
621 2552 788 2611 meminisse
806 2549 924 2613 iuvabit.

123 2652 177 2713 per
199 2636 295 2696 varios
317 2653 418 2706 casus,
442 2654 496 2713 per
518 2642 561 2695 tot
583 2635 749 2696 discrimina
768 2652 870 2697 rerum

125 2719 272 2780 tendimus
293 2721 323 2780 in
344 2720 477 2790 Latium,
498 2720 584 2781 sedes
603 2719 653 2781 ubi
673 2721 731 2781 lata
753 2721 865 2801 quietas

125 2802 298 2872 ostenduam
320 2802 380 2865 illic
401 2805 444 2866 ias
466 2821 558 2881 regna
578 2822 735 2883 resurgere
756 2805 871 2866 Troiae.

126 2886 247 2956 durate,
270 2893 299 2947 et
316 2895 428 2949 vosmet
450 2887 539 2949 rebus
560 2897 673 2950 servate
695 2887 853 2950 secundis'

168 2967 248 3029 Talia
271 2987 342 3030 voce
364 2970 469 3042 relert,
496 2975 633 3051 curisque
655 2973 822 3050 ingentibus
845 2989 934 3050 aeger

124 3069 208 3130 spem
227 3051 306 3114 uoltu
328 3053 458 3125 simulat,
479 3058 586 3134 premit
607 3056 697 3118 altum
720 3057 810 3116 corde
834 3056 975 3117 dolorem.

124 3137 165 3197 illi
186 3155 218 3199 se
239 3138 368 3216 praedae
390 3141 546 3219 accingunt
567 3141 750 3219 dapibusque
771 3140 892 3201 tuturis:

123 3229 242 3299 tergora
255 3223 405 3301 deripiunt
427 3227 514 3285 costis
537 3233 565 3286 et
587 3228 698 3287 viscera
720 3224 848 3293 nudant,

123 3323 193 3384 pars
213 3307 243 3367 in
266 3307 359 3368 frusta
380 3315 481 3369 secant
499 3309 676 3388 veribusque
697 3310 851 3371 trementia
873 3313 980 3388 iigunt,

123 3388 209 3452 litore
230 3395 302 3451 aena
321 3390 419 3452 locant
440 3390 488 3452 alii
507 3391 698 3473 flammasque
719 3395 894 3455 ministrant.

123 3481 186 3534 tum
206 3476 283 3535 victu
306 3480 446 3535 revocant
467 3477 556 3547 vires,
580 3479 695 3555 lusique
716 3497 770 3556 per
792 3478 915 3540 herbam

121 3557 270 3639 inplentur
292 3558 400 3620 veteris
424 3559 529 3621 bacchi
552 3562 724 3641 pinguisque
747 3562 868 3625 ferinae.
