2512 4096
219 296 255 356 34
523 301 663 349 ventum
686 299 886 349 cnouorcou
908 300 921 346 r

220 468 297 520 terra
318 458 435 525 tremit;
459 458 561 535 lugere
583 456 662 517 serae
684 462 713 516 et
734 453 867 515 mortalia
888 455 981 516 corda

219 560 272 620 per
294 549 395 618 gentes
416 541 533 602 humilis
555 540 655 600 stravit
675 557 779 617 pavor:
802 537 851 599 ille
872 537 1010 616 flagranti

219 636 269 687 aut
289 626 385 686 Athon
407 634 456 686 aut
476 625 639 696 Rhodopen
661 633 711 683 aut
732 621 789 682 alta
811 621 953 682 Ceraunia
975 621 1039 684 telo

220 709 321 777 deicit;
354 708 537 786 ingeminant
562 709 656 768 austri
672 711 702 766 et
724 706 912 766 densissimus
933 705 1044 768 imber.

222 791 315 874 [nunc
336 810 457 852 nemora
479 792 588 869 ingenti
609 796 710 858 rento,
732 807 812 850 nunc
832 787 917 849 litora
939 787 1115 872 plangrmt]

221 877 277 936 hoe
298 883 431 936 metuens
453 874 525 936 caeli
547 890 664 934 menses
686 879 715 932 et
735 873 832 933 sidera
853 890 945 943 serra,⁸

222 959 325 1036 frigida
348 959 465 1021 Saturni
487 976 551 1019 sese
573 974 631 1034 quo
653 955 736 1017 stella
756 962 902 1034 receptet;

223 1061 295 1121 quos
316 1044 391 1121 ignis
414 1042 494 1103 caelo
516 1039 663 1120 Cyllenius
686 1047 764 1100 erret
784 1041 814 1100 in
836 1040 925 1101 orbis.

222 1127 251 1185 in
272 1127 374 1203 primis
395 1136 536 1186 venerare
558 1124 643 1194 deos,
667 1130 753 1202 atque
774 1141 870 1186 annua
891 1142 1017 1203 magnae

223 1228 305 1270 sacra
326 1210 405 1270 reier
427 1209 527 1269 Cereri
547 1207 630 1268 laetis
652 1213 790 1287 operatus
810 1209 840 1267 in
860 1207 963 1269 herbis

223 1302 370 1353 extremae
392 1292 446 1353 sub
470 1308 570 1352 casum
591 1291 709 1360 hiemis,
731 1291 789 1350 iam
811 1309 879 1352 vere
901 1309 1018 1352 sereno.
1103 1327 1107 1332 -

224 1382 284 1436 tum
306 1377 429 1453 pingues
451 1376 517 1453 agni
540 1379 568 1435 et
589 1381 650 1434 tum
672 1372 841 1436 mollissima
862 1376 937 1444 vina,

224 1465 285 1518 tum
308 1460 401 1517 somni
423 1457 524 1518 dulces
546 1458 711 1534 densaeque
732 1457 762 1516 in
783 1458 931 1518 montibus
952 1457 1093 1521 umbrae.

226 1548 329 1600 cuncta
350 1540 402 1600 tibi
425 1540 562 1601 Cererem
583 1540 678 1618 pubes
699 1542 822 1618 agrestis
844 1542 959 1603 adoret:

225 1625 293 1702 quoi
316 1630 346 1682 tu
367 1623 441 1684 lacte
464 1624 543 1683 savos
565 1631 595 1683 et
615 1624 677 1683 miti
699 1623 777 1685 dilue
803 1622 925 1695 baccho,

227 1715 330 1784 terque
352 1723 442 1767 novas
465 1707 576 1766 circum
598 1706 666 1767 felir
688 1715 735 1768 eat
755 1708 849 1768 hostia
872 1709 981 1785 fruges,

227 1791 320 1849 omnis
342 1808 429 1866 quam
452 1789 560 1849 chorus
582 1795 611 1850 et
633 1791 704 1849 socii
725 1792 900 1852 comitentur
922 1797 1054 1863 ovantes,

227 1880 255 1934 et
276 1873 413 1934 Cererem
437 1871 563 1932 clamore
585 1881 690 1932 vocent
709 1876 739 1934 in
761 1882 852 1944 tecta:
875 1892 970 1953 neque
992 1882 1063 1937 anto

226 1956 329 2017 lalcem
350 1957 472 2016 maturis
494 1958 647 2034 quisquam
669 1965 814 2036 supponat
834 1958 938 2027 aristis,

227 2059 313 2119 quam
336 2040 435 2100 Cereri
458 2046 532 2101 torta
554 2040 706 2102 redimitus
727 2049 860 2119 tempora
882 2058 993 2120 quercu

227 2123 276 2183 det
296 2131 392 2184 motus
414 2125 623 2202 incompositos
645 2132 674 2185 et
695 2125 824 2185 carmina
846 2124 930 2185 dieat.

269 2206 363 2284 Atque
384 2208 458 2268 haec
479 2214 512 2269 ut
534 2208 621 2268 certis
642 2226 795 2286 possemus
819 2208 931 2268 discere
952 2207 1055 2285 signis,

227 2295 381 2367 aestusque
402 2289 571 2368 pluviasque
594 2298 622 2351 et
643 2293 755 2368 agentis
777 2291 886 2368 frigora
908 2296 1018 2360 ventos,

227 2372 290 2448 ipse
311 2379 393 2449 pater
415 2374 525 2443 statuit,
550 2374 619 2451 quid
640 2382 789 2435 menstrua
809 2375 878 2435 luna
899 2380 1044 2444 moneret,

229 2471 286 2531 quo
309 2455 390 2532 signo
413 2456 551 2516 caderent
573 2457 677 2526 austri,
701 2458 770 2535 quid
791 2475 879 2535 saepe
899 2457 1030 2518 ridentes

229 2536 374 2614 agricolae
394 2540 516 2616 propius
538 2537 658 2600 stabulis
679 2548 810 2602 armenta
832 2546 973 2601 tenerent.

229 2622 366 2680 continuo
388 2622 481 2680 uentis
502 2623 689 2698 surgentibus
711 2632 760 2685 out
781 2625 855 2684 freta
876 2625 957 2702 ponti

229 2704 369 2781 incipiunt
391 2705 495 2779 agitata
516 2711 680 2767 tumescere
701 2714 730 2768 et
751 2707 851 2767 aridus
873 2706 938 2766 altis

229 2787 377 2848 montibus
399 2788 492 2847 audim
514 2787 629 2865 fragor,
651 2797 700 2851 aut
721 2791 887 2851 resonantia
908 2789 995 2866 longe

229 2868 313 2929 litora
335 2871 451 2930 misceri
473 2877 502 2931 et
522 2890 675 2933 nemorum
697 2873 917 2934 increbrescere
937 2888 1083 2932 murmur.

231 2952 287 3011 iarn
309 2953 364 3012 sihi
384 2960 447 3013 tum
470 2957 566 3015 curvis
587 2955 662 3016 male
684 2964 828 3035 temperat
848 2956 927 3016 unda
950 2955 1066 3024 carinis,

231 3053 318 3113 quom
341 3037 436 3097 medio
460 3036 570 3100 celeres
592 3039 723 3100 revolant
745 3058 781 3100 ex
803 3057 931 3117 aequore
953 3039 1047 3113 mergi

232 3119 447 3199 clamoremque
469 3121 568 3182 ferunt
590 3123 626 3182 ad
647 3123 747 3192 litora,
772 3141 897 3201 eumque
919 3121 1049 3182 marinae

231 3204 260 3262 in
281 3204 359 3262 slcco
380 3204 485 3264 ludunt
506 3205 623 3273 fulicae,
647 3213 789 3284 notasque
809 3204 925 3282 paludis

231 3285 338 3346 deserit
360 3296 446 3365 atque
469 3289 556 3349 altam
578 3306 684 3365 supera
706 3289 782 3349 volat
804 3289 892 3349 ardea
914 3286 1033 3347 nubem.

132 3448 136 3453 Ι
230 3387 318 3447 saepe
340 3372 427 3430 etiam
448 3371 545 3432 stellas
565 3378 650 3432 vento
672 3373 849 3451 inpendente
870 3369 980 3431 videbis

230 3454 404 3531 praecipites
426 3455 505 3516 caelo
527 3454 598 3525 labi,
622 3458 773 3535 noctisque
794 3472 849 3532 per
869 3452 1006 3513 umbram

230 3536 414 3600 flammarum
435 3538 538 3618 longos
560 3558 576 3599 a
597 3546 681 3617 tergo
703 3539 852 3600 albescere
873 3542 998 3604 tractus;
