2512 4096
155 311 217 374 sss
481 317 626 366 vuuutm
644 317 769 366 nunnus
788 317 838 364 111

155 477 246 538 redde
265 477 346 536 meis.
374 475 475 544 vicisti,
498 480 527 534 et
543 475 648 534 vietum
668 473 790 534 tendere
808 470 920 551 palmas

154 560 275 620 Ausonii
298 559 411 626 uidere;
434 565 483 618 tua
502 563 547 618 est
566 558 681 617 Lavinia
704 559 844 618 coniunx:

154 643 278 704 ulterius
300 660 338 702 ne
355 641 444 702 tende
463 640 556 702 odiis!
589 643 667 701 stetit
686 659 754 701 acer
776 642 804 700 in
827 640 918 700 armis

155 727 277 795 Aeneas,
299 724 415 785 volvens
435 724 545 794 oeulos,
568 725 758 803 dextramque
779 724 935 801 repressit;

156 817 184 869 et
205 810 263 869 iam
284 811 403 885 iamque
426 810 519 885 magis
542 816 726 869 cunctantem
748 807 867 868 flectere
888 824 991 867 sermo

156 901 304 971 coeperat,
326 891 427 952 infelix
446 910 549 953 umero
572 911 639 952 eum
663 893 799 970 apparuit
820 890 878 952 alto

154 975 270 1036 balteus
293 981 322 1037 et
341 978 416 1036 nutis
439 973 584 1036 fulserunt
605 974 720 1051 cingula
742 973 830 1035 bullis

154 1058 293 1120 Pallantis
312 1061 406 1137 pueri,
425 1061 532 1119 victum
553 1078 640 1139 quem
661 1058 779 1119 volnere
799 1058 918 1118 Turnus

156 1150 298 1203 straverat
317 1153 405 1220 atque
425 1144 535 1202 umeris
556 1144 707 1202 inimicum
728 1143 842 1219 insigne
865 1141 1003 1219 gerebat.

155 1225 213 1296 iile,
237 1226 329 1286 oculis
351 1234 504 1306 postquam
527 1226 605 1286 saevi
626 1227 805 1286 monimenta
828 1225 939 1286 doloris

156 1311 331 1388 exuviasque
354 1310 458 1377 hausit,
482 1309 564 1369 iuriis
585 1327 726 1370 accensus
749 1316 777 1369 et
796 1311 839 1370 ira

155 1393 294 1453 terribilis
317 1400 402 1453 ‘tune
423 1393 492 1453 hinc
512 1391 611 1472 spoliis
633 1393 733 1453 indute
754 1410 888 1453 meorum

157 1477 282 1552 eripiare
304 1476 393 1535 mihi?
425 1475 520 1537 Pallas
542 1484 572 1536 te
593 1477 650 1537 hoc
671 1475 799 1545 volnere,
823 1474 918 1536 Pallas

155 1558 287 1619 immolat
308 1567 337 1620 et
357 1577 485 1637 poenam
504 1558 646 1619 scelerato
668 1579 703 1620 ex
726 1561 867 1638 sanguine
888 1559 1000 1630 sumit,’

155 1641 213 1701 hue
230 1641 330 1701 dicens
348 1643 459 1704 ferrum
480 1642 601 1703 adverso
623 1642 677 1703 sub
700 1652 820 1721 pectore
841 1642 942 1703 condit

155 1724 294 1785 fervidus.
330 1733 374 1785 ast
395 1724 436 1784 illi
458 1724 606 1788 solvuntur
629 1727 739 1803 frigore
762 1725 895 1787 membra

156 1808 270 1886 vitaque
293 1826 360 1869 cum
382 1809 491 1886 gemitu
514 1809 587 1887 iugit
606 1809 753 1887 indignata
776 1810 830 1870 sub
853 1808 984 1870 umbras.
