2512 4096
469 279 611 327 veneten
633 279 755 328 dennis
779 281 801 325 V

130 443 159 493 at
181 433 277 510 gravis
298 441 331 495 ut
349 433 439 495 tundo
460 435 507 496 vix
531 433 650 495 tandem
671 434 803 495 redditus
824 435 882 496 imo
905 445 950 496 est

129 518 187 576 iam
207 517 305 577 senior
326 517 500 597 madidaque
521 517 616 578 lluens
637 518 668 577 in
688 525 767 579 veste
785 517 947 589 Menoetes,

128 615 243 660 summa
265 601 336 678 petit
356 601 468 678 scopuli
489 604 625 680 siccaque
646 601 676 660 in
694 614 768 679 rupe
789 601 905 662 resedit.
1094 612 1142 670 len

129 682 210 743 illum
230 690 258 744 et
279 682 426 745 labentem
448 684 555 747 Teucri
575 692 604 745 ct
624 686 716 745 risere
736 691 882 746 natantem

129 774 158 827 et
178 766 270 827 salsos
287 768 384 828 rident
403 776 600 829 revomentem
620 776 740 845 pectore
762 767 876 830 lluctus.

127 850 176 910 hic
198 849 272 910 laeta
294 853 431 912 extremis
453 868 521 929 spes
543 860 587 912 est
608 869 731 912 accensa
754 851 883 921 dnobus,

128 933 267 1010 Sergesto
287 934 486 1013 Mnesthique,
511 936 590 1014 Gyan
612 952 753 1012 superare
775 942 948 997 morantem.

128 1016 283 1094 Sergestus
304 1020 380 1095 capit
403 1026 470 1080 ante
492 1018 589 1079 locum
610 1017 793 1097 scopuloque
815 1021 999 1098 propinquat,
1093 1029 1142 1084 itt

127 1118 183 1161 nec
205 1107 264 1160 tota
286 1110 383 1162 tamen
405 1101 454 1163 ille
474 1104 555 1181 prior
574 1109 735 1180 praeeunte
758 1103 872 1163 carina:

129 1189 212 1260 parte
232 1185 329 1262 prior,
352 1187 458 1263 partim
480 1193 576 1246 rostro
598 1187 706 1263 premit
728 1185 843 1247 aemula
864 1185 979 1246 Pristis'

127 1274 158 1327 at
177 1267 272 1328 media
294 1270 388 1328 socios
410 1269 548 1330 incedens
568 1287 641 1330 nave
662 1287 716 1347 per
735 1271 814 1347 ipsos
855 1318 859 1329 .

127 1350 262 1411 hortatur
283 1350 468 1412 Mnestheus:
492 1361 585 1413 ‘nunc
606 1370 685 1412 nunc
704 1352 848 1428 insurgite
872 1353 975 1420 remis,

127 1433 264 1496 Hectorei
285 1434 372 1504 socii,
395 1434 501 1496 Troiae
523 1452 596 1514 quos
617 1444 697 1496 sorte
720 1451 858 1514 suprema
1092 1448 1141 1503 lto

127 1517 222 1594 delegi
245 1518 380 1586 comites;
406 1536 485 1580 nunc
506 1517 570 1579 illas
592 1520 717 1596 promite
731 1520 822 1588 vires,

128 1619 206 1662 nunc
228 1602 356 1671 animm,
377 1601 483 1680 quibus
502 1604 532 1661 in
554 1601 682 1662 Gaetulis
703 1601 837 1681 Syrtibus
859 1603 904 1662 usi

127 1683 268 1761 Ionioque
290 1685 365 1745 mari
386 1685 554 1764 Maleaeque
572 1684 745 1764 sequacibus
766 1684 863 1746 undis.

127 1784 185 1827 non
205 1770 263 1827 iam
285 1769 378 1847 prima
401 1778 467 1846 peto
491 1769 658 1830 Mnestheus
678 1786 775 1848 neque
792 1769 910 1829 uincere
933 1778 1014 1830 certo

128 1853 314 1929 (quamquam
335 1854 365 1912 o!
384 1887 425 1896 —
447 1850 499 1913 sed
513 1861 668 1929 superent,
690 1851 796 1930 quibus
818 1852 890 1919 hoc,
915 1851 1064 1930 Neptune,
1089 1853 1140 1914 de·

740 1935 833 2014 disti):
1075 1946 1139 2001 ibo

127 2023 273 2076 extremos
295 2018 405 2096 pudeat
428 2017 557 2079 rediisse.
602 2019 658 2079 hoc
677 2019 797 2083 vincite,
817 2018 907 2086 cives,

127 2106 157 2159 ct
175 2098 329 2176 prohibete
352 2100 459 2161 netas.’
504 2100 553 2160 olli
574 2102 733 2162 certamine
754 2115 869 2159 summo

127 2182 339 2259 procumbunt:
360 2186 447 2244 vastis
468 2185 566 2244 tremit
586 2182 691 2244 ictibus
713 2199 798 2243 aerea
815 2183 922 2259 puppis

127 2264 367 2344 subtrahiturque
388 2265 500 2336 solum,
522 2274 585 2326 tum
607 2265 711 2326 creber
731 2262 875 2325 anhelitus
896 2274 976 2327 artus

126 2349 267 2427 aridaque
288 2367 340 2410 ora
364 2350 469 2428 quatit,
493 2348 583 2410 sudor
603 2349 668 2410 lluit
688 2348 818 2425 undique
839 2349 915 2408 rivis,
1087 2363 1138 2415 200

126 2431 221 2494 attulit
239 2434 303 2512 ipse
324 2435 392 2493 viris
413 2440 543 2510 optatum
565 2450 649 2494 casus
669 2433 822 2493 honorem.

125 2535 253 2594 namque
274 2517 375 2577 lucens
396 2517 484 2577 animi
506 2516 574 2577 dum
596 2533 715 2595 proram
736 2516 773 2577 ad
794 2532 862 2576 saxa
886 2516 1048 2597 suburguet

125 2603 247 2661 interior
269 2602 421 2681 spatioque
440 2601 517 2661 subit
539 2601 693 2678 Sergestus
712 2600 827 2679 iniquo,

125 2683 226 2746 urielis
248 2686 324 2745 saxis
345 2686 376 2744 in
397 2683 640 2762 procurrentibus
661 2684 763 2744 haesit.

126 2786 284 2829 concussae
306 2776 418 2837 cautes,
443 2776 472 2829 et
490 2775 575 2829 acuto
597 2770 626 2828 in
650 2769 762 2829 murice
783 2769 858 2827 remi
1086 2779 1136 2835 nos

125 2851 224 2913 obnixi
246 2870 402 2930 crepuere,
421 2851 562 2930 inlisaque
584 2870 673 2930 prora
694 2850 842 2930 pependit.

125 2942 305 3012 consurgunt
326 2942 431 2995 nautae
452 2944 480 2996 et
500 2952 607 3013 magno
630 2934 758 2996 clamore
780 2944 932 2996 morantur

125 3016 306 3093 ferratasque
328 3018 429 3078 trudes
450 3026 479 3078 et
501 3027 584 3080 acuta
605 3019 725 3097 cuspide
747 3026 848 3079 contos

125 3099 283 3178 expediunt
300 3101 466 3179 fractosque
486 3100 587 3180 legunt
607 3103 637 3162 in
656 3105 772 3181 gurgite
793 3118 900 3160 remos.

124 3192 154 3244 at
176 3182 268 3244 laetus
289 3184 458 3246 Mnestheus
479 3203 676 3264 successuque
698 3188 795 3246 acrior
816 3186 879 3260 ipso
1085 3196 1136 3249 tio

124 3267 239 3346 agmine
261 3286 410 3338 remorum
434 3269 522 3330 celeri
539 3271 689 3349 ventisque
706 3271 815 3330 vocatis

124 3368 218 3429 prona
237 3355 308 3430 petit
328 3354 420 3413 maria
441 3362 470 3414 et
491 3353 595 3431 pelago
617 3354 748 3415 decmrit
769 3360 879 3430 aperto.

125 3434 218 3514 qualis
238 3434 377 3514 spelunca
399 3436 495 3498 urbico
518 3445 660 3497 commota
683 3436 832 3503 columba,

125 3519 170 3580 cui
195 3519 299 3579 domus
322 3529 350 3579 et
373 3517 472 3581 dulces
492 3521 639 3583 latebroso
662 3523 691 3581 in
710 3522 826 3600 pumice
848 3519 921 3586 nid.
