2512 4096
387 279 529 326 77777777
553 279 675 326 lenuis
690 279 724 325 xr
1003 265 1063 326 325

58 434 139 501 dixit,
159 440 188 492 at
210 430 257 493 illa
280 432 380 492 furens
402 435 521 512 acrique
544 451 666 493 accensa
688 431 789 494 dolore

59 516 147 578 tradit
169 533 253 576 ecum
278 516 377 575 comiti
394 515 572 594 paribusque
594 517 703 576 resistit
722 517 752 575 in
774 517 871 585 armis,
1015 523 1066 572 770

58 616 128 661 ense
149 598 240 676 pedes
260 597 341 658 nudo
365 615 499 678 puraque
519 600 652 659 interrita
673 617 785 677 parma.

48 691 87 745 ·at
109 683 231 751 iuvenis,
251 682 355 742 vicisse
375 681 444 742 dolo
465 690 556 753 ratus,
578 682 672 742 avolat
693 684 757 763 ipse

57 765 140 845 <haut
160 764 253 844 mora)
277 766 485 844 conversisque
507 765 593 843 lugax
616 766 748 828 aufertur
770 765 891 826 habenis

57 847 327 928 quadripedemque
350 849 439 909 citum
462 849 568 910 ierrata
594 849 674 910 calce
696 849 804 928 fatigat.

57 942 147 993 'rane
168 933 256 1010 Ligus
279 931 447 1011 frustraque
468 933 572 992 animis
592 932 666 994 elato
684 933 828 1011 superbis,
1015 939 1065 989 71⁵

56 1017 234 1096 nequiquam
254 1016 364 1093 patrias
386 1017 532 1095 temptasti
554 1015 685 1077 lubricus
707 1018 789 1087 artis,

56 1117 113 1160 nec
133 1099 214 1160 fraus
235 1105 265 1160 te
287 1097 464 1160 incolumem
484 1098 579 1160 fallaci
600 1101 730 1179 perteret
749 1099 852 1170 huno,'

56 1183 131 1243 haec
152 1182 230 1242 latur
250 1183 332 1260 virgo
352 1190 381 1243 et
398 1182 568 1260 pernicibus
590 1185 675 1262 ignea
696 1183 802 1262 plantis

56 1266 161 1327 transit
179 1282 264 1325 eoum
289 1282 378 1326 cursu
402 1265 552 1344 frenisque
571 1267 694 1329 adversa
715 1266 870 1344 prehensis

58 1349 247 1427 congreditur
269 1366 437 1427 poenasque
457 1351 575 1411 inimico
595 1368 630 1410 ex
650 1353 793 1428 sanguine
814 1353 916 1412 sumit:
1015 1359 1066 1406 770

58 1451 146 1512 quam
165 1430 250 1493 facile
270 1432 408 1509 accipiter
428 1451 499 1493 saxo
521 1450 605 1494 sacer
626 1434 686 1495 ales
704 1433 741 1495 ab
763 1433 821 1493 alte
891 1434 905 1458 ⁹

58 1517 248 1594 consequitur
269 1517 366 1594 pinnis
388 1514 543 1578 sublimem
569 1519 599 1578 in
619 1517 698 1579 nube
720 1517 884 1579 columbam

58 1616 322 1681 comprensamque
344 1607 424 1661 tenet
445 1600 627 1681 pedibusque
650 1604 791 1663 eviscerat
812 1602 910 1669 uncis:

57 1693 120 1745 tum
139 1700 229 1744 cruor
251 1692 280 1745 et
300 1682 399 1746 volsae
419 1684 559 1746 labuntur
580 1685 617 1746 ab
639 1686 758 1747 aethere
779 1685 905 1765 plumae.

100 1768 137 1827 lt
156 1784 215 1828 uon
238 1766 311 1829 haec
332 1766 420 1828 nullis
440 1768 592 1830 hominum
613 1778 692 1830 sator
715 1776 802 1849 atque
824 1769 945 1830 deorum
1016 1776 1066 1824 777

57 1851 216 1912 observans
241 1850 333 1912 oculis
354 1871 469 1913 summo
493 1853 575 1914 sedet
595 1853 670 1915 altus
693 1853 832 1932 Olympo:

56 1933 245 2014 Tyrrhenum
266 1937 381 2011 genitor
402 1935 587 1997 Tarchonem
607 1938 639 1996 iu
661 1937 773 2014 proelia
794 1953 878 1996 saeva

57 2018 179 2079 suscitat
201 2024 231 2078 et
251 2017 376 2079 stimulis
399 2018 472 2079 haut
491 2018 628 2080 mollibus
648 2020 749 2079 incutit
772 2019 840 2078 iras.

58 2117 131 2179 ergo
151 2101 228 2161 inter
248 2099 352 2161 caedes
374 2100 562 2180 cedentiaque
583 2104 696 2179 agmina
717 2100 854 2161 Tarchon

58 2184 152 2246 fertur
173 2200 249 2262 equo
269 2184 414 2261 variisque
436 2184 553 2259 instigat
574 2184 693 2244 vocibus
714 2184 783 2254 alas,
1015 2191 1065 2243 700

58 2267 177 2327 nomine
195 2284 341 2346 quemque
360 2283 477 2336 vocans,
500 2265 653 2346 reficitque
675 2269 704 2328 in
726 2267 838 2348 proelia
858 2267 968 2345 pulsos.

58 2352 263 2429 ί7717777777,
286 2367 304 2409 o
326 2367 486 2428 numquam
507 2348 633 2418 dolituri,
654 2370 671 2410 o
693 2370 810 2430 semper
829 2353 938 2413 inertes

57 2433 213 2513 Tyrrheni,
236 2451 311 2513 quae
333 2438 413 2493 tanta
435 2435 538 2494 animis
559 2434 671 2512 ignaria
689 2437 784 2497 reniti

56 2518 165 2578 femina
188 2516 311 2595 palantis
331 2517 391 2593 agit
412 2524 499 2596 atque
520 2517 594 2579 haee
615 2520 731 2597 agmina
752 2520 850 2581 vertiti

57 2619 116 2680 quo
139 2601 253 2661 terrum
277 2601 382 2680 quidve
401 2600 475 2661 haec
498 2603 626 2681 gerimus
648 2601 706 2665 7717
726 2604 813 2665 inrita
835 2603 964 2665 dexuist
1015 2610 1066 2661 777

56 2691 87 2745 77
105 2701 165 2745 707
187 2686 218 2745 17
238 2683 383 2747 Venerem
403 2703 509 2763 segnes
530 2693 733 2767 nocturnaque
754 2686 830 2750 bella

56 2775 107 2831 aut
123 2767 175 2830 ubi
197 2786 286 2831 curva
308 2769 416 2830 choros
437 2769 540 2831 indixit
560 2770 631 2832 tibia
652 2771 760 2833 Bacchi

57 2859 209 2930 expectate
230 2852 323 2932 dapes
344 2860 374 2913 et
393 2851 497 2932 plenae
517 2853 623 2932 pocula
643 2872 761 2916 mensae

56 2936 116 3014 (hic
138 2953 231 3005 amor,
252 2935 311 2996 hoc
332 2934 479 3014 studium),
502 2935 572 2997 dum
592 2954 675 2998 sacra
696 2939 844 3011 secundus
865 2938 1011 3014 haruspex

56 3019 172 3079 nuntiet
191 3037 226 3079 77
247 3017 332 3079 17707
351 3024 437 3079 70777
455 3016 549 3078 hostie
571 3020 687 3098 pinguis
707 3021 736 3079 in
758 3018 861 3080 altost’
1016 3028 1067 3076 740

56 3103 134 3164 haee
152 3102 257 3165 edatue
278 3119 363 3164 ecum
384 3103 414 3162 in
436 3100 557 3174 medios,
576 3104 736 3164 meriturus
758 3103 878 3182 etipse,

57 3197 183 3248 concitat
201 3195 230 3248 et
249 3186 362 3249 Venulo
383 3186 539 3247 adversum
556 3204 589 3247 se
610 3185 745 3246 turbidus
762 3186 850 3248 iniert

57 3270 270 3352 dereptumque
293 3270 330 3332 ab
351 3287 426 3350 equo
449 3270 552 3331 dextra
574 3269 777 3350 complectitur
799 3271 912 3332 hostem

57 3361 86 3415 et
107 3356 253 3431 gremium
275 3361 342 3416 ante
363 3372 450 3416 suum
472 3352 564 3415 multa
583 3353 611 3414 71
633 3355 766 3416 concitus
788 3354 891 3416 aulert.

56 3436 167 3499 tollitur
187 3438 217 3498 in
241 3438 354 3501 caelum
375 3433 495 3510 clamor,
518 3440 674 3518 cunctique
693 3439 789 3500 Latini
1014 3447 1062 3497 777

57 3529 229 3585 7077777777
250 3522 361 3585 oeulos.
395 3521 470 3584 70177
492 3523 594 3601 igneus
619 3540 746 3604 aequore
768 3521 905 3585 Tarchon
