<?xml version="1.0" encoding="UTF-8"?>
<!DOCTYPE html PUBLIC "-//W3C//DTD XHTML 1.0 Transitional//EN"
    "http://www.w3.org/TR/xhtml1/DTD/xhtml1-transitional.dtd">
<html xmlns="http://www.w3.org/1999/xhtml" xml:lang="en" lang="en">
 <head>
  <title>
</title>
<meta http-equiv="Content-Type" content="text/html;charset=utf-8" />
  <meta name='ocr-system' content='tesseract 3.04.00' />
  <meta name='ocr-capabilities' content='ocr_page ocr_carea ocr_par ocr_line ocrx_word'/>
</head>
<body>
  <div class='ocr_page' id='page_1' title='image "./pvergilimaronis12virggoog/pvergilimaronis12virggoog_0264.png"; bbox 0 0 2512 4096; ppageno 0'>
   <div class='ocr_carea' id='block_1_1' title="bbox 451 268 1132 330">
    <p class='ocr_par' dir='ltr' id='par_1_1' title="bbox 451 268 1132 330">
     <span class='ocr_line' id='line_1_1' title="bbox 451 268 1132 330; baseline 0.004 -3"><span class='ocrx_word' id='word_1_1' title='bbox 451 280 595 329; x_wconf 72' lang='lat' dir='ltr'><strong>venenu</strong></span> <span class='ocrx_word' id='word_1_2' title='bbox 617 279 742 328; x_wconf 79' lang='lat' dir='ltr'><strong>anneis</strong></span> <span class='ocrx_word' id='word_1_3' title='bbox 765 281 816 328; x_wconf 92' lang='lat' dir='ltr'><strong>v11</strong></span> <span class='ocrx_word' id='word_1_4' title='bbox 1071 268 1132 330; x_wconf 80' lang='lat'><strong>233</strong></span> 
     </span>
    </p>
   </div>
   <div class='ocr_carea' id='block_1_2' title="bbox 120 433 1122 3592">
    <p class='ocr_par' dir='ltr' id='par_1_2' title="bbox 120 433 981 1181">
     <span class='ocr_line' id='line_1_2' title="bbox 121 433 855 503; baseline 0.001 -8"><span class='ocrx_word' id='word_1_5' title='bbox 121 433 274 496; x_wconf 88' lang='lat' dir='ltr'><strong>consilium</strong></span> <span class='ocrx_word' id='word_1_6' title='bbox 297 441 325 495; x_wconf 89' lang='lat' dir='ltr'><strong>et</strong></span> <span class='ocrx_word' id='word_1_7' title='bbox 346 451 448 496; x_wconf 89' lang='lat' dir='ltr'><strong>saevae</strong></span> <span class='ocrx_word' id='word_1_8' title='bbox 470 442 543 495; x_wconf 93' lang='lat' dir='ltr'><strong>nutu</strong></span> <span class='ocrx_word' id='word_1_9' title='bbox 565 433 684 494; x_wconf 90' lang='lat' dir='ltr'><strong>lunonis</strong></span> <span class='ocrx_word' id='word_1_10' title='bbox 706 441 777 494; x_wconf 94' lang='lat' dir='ltr'><strong>eunt</strong></span> <span class='ocrx_word' id='word_1_11' title='bbox 798 452 855 503; x_wconf 88' lang='lat' dir='ltr'><strong>res,</strong></span> 
     </span>
     <span class='ocr_line' id='line_1_3' title="bbox 121 516 832 596; baseline -0.001 -17"><span class='ocrx_word' id='word_1_12' title='bbox 121 516 212 579; x_wconf 91' lang='lat' dir='ltr'><strong>multa</strong></span> <span class='ocrx_word' id='word_1_13' title='bbox 232 518 303 579; x_wconf 88' lang='lat' dir='ltr'><strong>deos</strong></span> <span class='ocrx_word' id='word_1_14' title='bbox 325 535 470 596; x_wconf 75' lang='lat' dir='ltr'>aurasque</span> <span class='ocrx_word' id='word_1_15' title='bbox 490 524 574 596; x_wconf 90' lang='lat' dir='ltr'><strong>pater</strong></span> <span class='ocrx_word' id='word_1_16' title='bbox 596 523 717 578; x_wconf 86' lang='lat' dir='ltr'><strong>testatus</strong></span> <span class='ocrx_word' id='word_1_17' title='bbox 737 518 832 578; x_wconf 88' lang='lat' dir='ltr'><strong>inanis</strong></span> 
     </span>
     <span class='ocr_line' id='line_1_4' title="bbox 121 598 981 679; baseline -0.001 -18"><span class='ocrx_word' id='word_1_18' title='bbox 121 600 300 678; x_wconf 80' lang='lat' dir='ltr'><strong>‘frangimur</strong></span> <span class='ocrx_word' id='word_1_19' title='bbox 322 602 380 663; x_wconf 86' lang='lat' dir='ltr'><strong>heu</strong></span> <span class='ocrx_word' id='word_1_20' title='bbox 402 602 481 662; x_wconf 88' lang='lat' dir='ltr'><strong>latis‘</strong></span> <span class='ocrx_word' id='word_1_21' title='bbox 505 602 598 678; x_wconf 91' lang='lat' dir='ltr'><strong>inquit</strong></span> <span class='ocrx_word' id='word_1_22' title='bbox 620 601 817 678; x_wconf 71' lang='lat' dir='ltr'>‘terimurque</span> <span class='ocrx_word' id='word_1_23' title='bbox 838 598 981 679; x_wconf 89' lang='lat' dir='ltr'><strong>procellat</strong></span> 
     </span>
     <span class='ocr_line' id='line_1_5' title="bbox 120 685 874 764; baseline -0.001 -20"><span class='ocrx_word' id='word_1_24' title='bbox 120 685 177 763; x_wconf 86' lang='lat' dir='ltr'><strong>ipsi</strong></span> <span class='ocrx_word' id='word_1_25' title='bbox 198 686 252 746; x_wconf 89' lang='lat' dir='ltr'><strong>has</strong></span> <span class='ocrx_word' id='word_1_26' title='bbox 273 685 415 763; x_wconf 81' lang='lat' dir='ltr'><strong>sacrilego</strong></span> <span class='ocrx_word' id='word_1_27' title='bbox 436 685 570 764; x_wconf 91' lang='lat' dir='ltr'><strong>pendetis</strong></span> <span class='ocrx_word' id='word_1_28' title='bbox 592 685 735 761; x_wconf 80' lang='lat' dir='ltr'><strong>sanguine</strong></span> <span class='ocrx_word' id='word_1_29' title='bbox 755 701 874 761; x_wconf 84' lang='lat' dir='ltr'><strong>poenas,</strong></span> 
     </span>
     <span class='ocr_line' id='line_1_6' title="bbox 121 767 895 840; baseline -0.003 -12"><span class='ocrx_word' id='word_1_30' title='bbox 121 786 138 828; x_wconf 97' lang='lat' dir='ltr'><strong>o</strong></span> <span class='ocrx_word' id='word_1_31' title='bbox 161 769 270 830; x_wconf 82' lang='lat' dir='ltr'><strong>ntiseri.</strong></span> <span class='ocrx_word' id='word_1_32' title='bbox 302 777 340 839; x_wconf 88' lang='lat' dir='ltr'><strong>te,</strong></span> <span class='ocrx_word' id='word_1_33' title='bbox 363 768 473 838; x_wconf 85' lang='lat' dir='ltr'><strong>Turne,</strong></span> <span class='ocrx_word' id='word_1_34' title='bbox 496 768 587 840; x_wconf 83' lang='lat' dir='ltr'><strong>nefas,</strong></span> <span class='ocrx_word' id='word_1_35' title='bbox 610 774 639 828; x_wconf 89' lang='lat' dir='ltr'><strong>te</strong></span> <span class='ocrx_word' id='word_1_36' title='bbox 661 770 745 829; x_wconf 89' lang='lat' dir='ltr'><strong>triste</strong></span> <span class='ocrx_word' id='word_1_37' title='bbox 766 767 895 829; x_wconf 90' lang='lat' dir='ltr'><strong>manebit</strong></span> 
     </span>
     <span class='ocr_line' id='line_1_7' title="bbox 121 851 849 931; baseline 0 -19"><span class='ocrx_word' id='word_1_38' title='bbox 121 851 304 931; x_wconf 90' lang='lat' dir='ltr'><strong>supplicium,</strong></span> <span class='ocrx_word' id='word_1_39' title='bbox 325 853 456 931; x_wconf 84' lang='lat' dir='ltr'><strong>votisque</strong></span> <span class='ocrx_word' id='word_1_40' title='bbox 478 852 548 913; x_wconf 90' lang='lat' dir='ltr'><strong>deos</strong></span> <span class='ocrx_word' id='word_1_41' title='bbox 571 852 749 913; x_wconf 86' lang='lat' dir='ltr'><strong>venerabere</strong></span> <span class='ocrx_word' id='word_1_42' title='bbox 766 853 849 913; x_wconf 88' lang='lat' dir='ltr'><strong>seris.</strong></span> 
     </span>
     <span class='ocr_line' id='line_1_8' title="bbox 120 934 969 1013; baseline -0.005 -17"><span class='ocrx_word' id='word_1_43' title='bbox 120 953 188 996; x_wconf 88' lang='lat' dir='ltr'><strong>mm</strong></span> <span class='ocrx_word' id='word_1_44' title='bbox 208 935 279 996; x_wconf 89' lang='lat' dir='ltr'><strong>mibi</strong></span> <span class='ocrx_word' id='word_1_45' title='bbox 295 936 385 1013; x_wconf 69' lang='lat' dir='ltr'><strong>&#39;parta</strong></span> <span class='ocrx_word' id='word_1_46' title='bbox 407 937 499 1013; x_wconf 91' lang='lat' dir='ltr'><strong>quies,</strong></span> <span class='ocrx_word' id='word_1_47' title='bbox 523 936 675 1013; x_wconf 89' lang='lat' dir='ltr'><strong>omnisque</strong></span> <span class='ocrx_word' id='word_1_48' title='bbox 697 937 726 997; x_wconf 91' lang='lat' dir='ltr'><strong>in</strong></span> <span class='ocrx_word' id='word_1_49' title='bbox 747 934 847 996; x_wconf 89' lang='lat' dir='ltr'><strong>limine</strong></span> <span class='ocrx_word' id='word_1_50' title='bbox 867 943 969 1012; x_wconf 90' lang='lat' dir='ltr'><strong>portus</strong></span> 
     </span>
     <span class='ocr_line' id='line_1_9' title="bbox 122 1017 806 1097; baseline 0.003 -19"><span class='ocrx_word' id='word_1_51' title='bbox 122 1019 228 1080; x_wconf 89' lang='lat' dir='ltr'><strong>lunere</strong></span> <span class='ocrx_word' id='word_1_52' title='bbox 250 1018 327 1081; x_wconf 82' lang='lat' dir='ltr'><strong>felici</strong></span> <span class='ocrx_word' id='word_1_53' title='bbox 348 1017 477 1097; x_wconf 65' lang='lat' dir='ltr'><strong>spolior!</strong></span> <span class='ocrx_word' id='word_1_54' title='bbox 507 1036 563 1080; x_wconf 91' lang='lat' dir='ltr'><strong>nec</strong></span> <span class='ocrx_word' id='word_1_55' title='bbox 583 1019 668 1097; x_wconf 93' lang='lat' dir='ltr'><strong>plura</strong></span> <span class='ocrx_word' id='word_1_56' title='bbox 690 1018 806 1080; x_wconf 90' lang='lat' dir='ltr'><strong>locutus</strong></span> 
     </span>
     <span class='ocr_line' id='line_1_10' title="bbox 122 1101 865 1181; baseline 0 -19"><span class='ocrx_word' id='word_1_57' title='bbox 122 1103 230 1179; x_wconf 78' lang='lat' dir='ltr'><strong>saepsit</strong></span> <span class='ocrx_word' id='word_1_58' title='bbox 250 1120 282 1163; x_wconf 89' lang='lat' dir='ltr'><strong>se</strong></span> <span class='ocrx_word' id='word_1_59' title='bbox 303 1104 387 1165; x_wconf 87' lang='lat' dir='ltr'><strong>tectis</strong></span> <span class='ocrx_word' id='word_1_60' title='bbox 407 1121 565 1181; x_wconf 84' lang='lat' dir='ltr'><strong>rerumque</strong></span> <span class='ocrx_word' id='word_1_61' title='bbox 588 1101 706 1180; x_wconf 88' lang='lat' dir='ltr'><strong>reliquit</strong></span> <span class='ocrx_word' id='word_1_62' title='bbox 726 1102 865 1163; x_wconf 80' lang='lat' dir='ltr'><strong>habenas.</strong></span> 
     </span>
    </p>

    <p class='ocr_par' dir='ltr' id='par_1_3' title="bbox 120 1183 1122 3592">
     <span class='ocr_line' id='line_1_11' title="bbox 164 1183 1018 1266; baseline -0.001 -22"><span class='ocrx_word' id='word_1_63' title='bbox 164 1185 227 1244; x_wconf 89' lang='lat' dir='ltr'><strong>llos</strong></span> <span class='ocrx_word' id='word_1_64' title='bbox 249 1192 312 1245; x_wconf 91' lang='lat' dir='ltr'><strong>erat</strong></span> <span class='ocrx_word' id='word_1_65' title='bbox 333 1185 474 1263; x_wconf 87' lang='lat' dir='ltr'><strong>Hesperio</strong></span> <span class='ocrx_word' id='word_1_66' title='bbox 497 1188 527 1247; x_wconf 92' lang='lat' dir='ltr'><strong>in</strong></span> <span class='ocrx_word' id='word_1_67' title='bbox 549 1185 640 1255; x_wconf 89' lang='lat' dir='ltr'><strong>Latio,</strong></span> <span class='ocrx_word' id='word_1_68' title='bbox 665 1204 754 1266; x_wconf 60' lang='lat' dir='ltr'><strong>mem</strong></span> <span class='ocrx_word' id='word_1_69' title='bbox 772 1187 906 1265; x_wconf 85' lang='lat' dir='ltr'><strong>protinus</strong></span> <span class='ocrx_word' id='word_1_70' title='bbox 928 1183 1018 1244; x_wconf 89' lang='lat' dir='ltr'><strong>urbes</strong></span> 
     </span>
     <span class='ocr_line' id='line_1_12' title="bbox 122 1267 1122 1338; baseline 0.001 -11"><span class='ocrx_word' id='word_1_71' title='bbox 122 1267 252 1329; x_wconf 91' lang='lat' dir='ltr'><strong>Albanae</strong></span> <span class='ocrx_word' id='word_1_72' title='bbox 273 1268 391 1330; x_wconf 90' lang='lat' dir='ltr'><strong>coluere</strong></span> <span class='ocrx_word' id='word_1_73' title='bbox 413 1286 538 1338; x_wconf 89' lang='lat' dir='ltr'><strong>sacrum,</strong></span> <span class='ocrx_word' id='word_1_74' title='bbox 561 1286 640 1330; x_wconf 91' lang='lat' dir='ltr'><strong>nunc</strong></span> <span class='ocrx_word' id='word_1_75' title='bbox 661 1271 786 1331; x_wconf 82' lang='lat' dir='ltr'><strong>maxima</strong></span> <span class='ocrx_word' id='word_1_76' title='bbox 809 1286 911 1330; x_wconf 90' lang='lat' dir='ltr'><strong>rerum</strong></span> <span class='ocrx_word' id='word_1_77' title='bbox 1119 1274 1122 1282; x_wconf 85' lang='lat'>&#39;</span> 
     </span>
     <span class='ocr_line' id='line_1_13' title="bbox 122 1349 987 1430; baseline -0.001 -18"><span class='ocrx_word' id='word_1_78' title='bbox 122 1357 215 1412; x_wconf 75' lang='lat' dir='ltr'><strong>doma</strong></span> <span class='ocrx_word' id='word_1_79' title='bbox 235 1349 311 1420; x_wconf 91' lang='lat' dir='ltr'><strong>colit,</strong></span> <span class='ocrx_word' id='word_1_80' title='bbox 333 1370 400 1413; x_wconf 91' lang='lat' dir='ltr'><strong>cum</strong></span> <span class='ocrx_word' id='word_1_81' title='bbox 417 1352 512 1429; x_wconf 91' lang='lat' dir='ltr'><strong>prima</strong></span> <span class='ocrx_word' id='word_1_82' title='bbox 534 1358 652 1413; x_wconf 87' lang='lat' dir='ltr'><strong>movent</strong></span> <span class='ocrx_word' id='word_1_83' title='bbox 672 1354 701 1412; x_wconf 91' lang='lat' dir='ltr'><strong>in</strong></span> <span class='ocrx_word' id='word_1_84' title='bbox 722 1351 833 1430; x_wconf 93' lang='lat' dir='ltr'><strong>proelia</strong></span> <span class='ocrx_word' id='word_1_85' title='bbox 855 1353 987 1419; x_wconf 86' lang='lat' dir='ltr'><strong>Martem,</strong></span> 
     </span>
     <span class='ocr_line' id='line_1_14' title="bbox 120 1434 849 1497; baseline 0 -1"><span class='ocrx_word' id='word_1_86' title='bbox 120 1436 181 1496; x_wconf 84' lang='lat' dir='ltr'><strong>sive</strong></span> <span class='ocrx_word' id='word_1_87' title='bbox 203 1435 282 1496; x_wconf 82' lang='lat' dir='ltr'><strong>Getis</strong></span> <span class='ocrx_word' id='word_1_88' title='bbox 301 1435 412 1496; x_wconf 83' lang='lat' dir='ltr'><strong>inferre</strong></span> <span class='ocrx_word' id='word_1_89' title='bbox 432 1453 520 1496; x_wconf 91' lang='lat' dir='ltr'><strong>manu</strong></span> <span class='ocrx_word' id='word_1_90' title='bbox 538 1434 718 1497; x_wconf 80' lang='lat' dir='ltr'><strong>lacrimabile</strong></span> <span class='ocrx_word' id='word_1_91' title='bbox 740 1434 849 1496; x_wconf 90' lang='lat' dir='ltr'><strong>bellum</strong></span> 
     </span>
     <span class='ocr_line' id='line_1_15' title="bbox 121 1518 967 1598; baseline 0 -20"><span class='ocrx_word' id='word_1_92' title='bbox 121 1518 298 1596; x_wconf 87' lang='lat' dir='ltr'><strong>Hyrcanisve</strong></span> <span class='ocrx_word' id='word_1_93' title='bbox 319 1518 457 1580; x_wconf 77' lang='lat' dir='ltr'><strong>Arabisve</strong></span> <span class='ocrx_word' id='word_1_94' title='bbox 479 1524 585 1598; x_wconf 90' lang='lat' dir='ltr'><strong>parant</strong></span> <span class='ocrx_word' id='word_1_95' title='bbox 606 1535 658 1580; x_wconf 93' lang='lat' dir='ltr'><strong>seu</strong></span> <span class='ocrx_word' id='word_1_96' title='bbox 678 1519 801 1585; x_wconf 88' lang='lat' dir='ltr'><strong>tendere</strong></span> <span class='ocrx_word' id='word_1_97' title='bbox 823 1520 860 1581; x_wconf 95' lang='lat' dir='ltr'><strong>ad</strong></span> <span class='ocrx_word' id='word_1_98' title='bbox 880 1519 967 1580; x_wconf 87' lang='lat' dir='ltr'><strong>ludos</strong></span> 
     </span>
     <span class='ocr_line' id='line_1_16' title="bbox 121 1601 918 1681; baseline 0 -18"><span class='ocrx_word' id='word_1_99' title='bbox 121 1602 324 1680; x_wconf 76' lang='lat' dir='ltr'><strong>Auroramque</strong></span> <span class='ocrx_word' id='word_1_100' title='bbox 345 1603 428 1680; x_wconf 90' lang='lat' dir='ltr'><strong>sequi</strong></span> <span class='ocrx_word' id='word_1_101' title='bbox 448 1601 632 1678; x_wconf 87' lang='lat' dir='ltr'><strong>Parthosque</strong></span> <span class='ocrx_word' id='word_1_102' title='bbox 650 1620 808 1679; x_wconf 88' lang='lat' dir='ltr'><strong>reposcere</strong></span> <span class='ocrx_word' id='word_1_103' title='bbox 827 1605 918 1681; x_wconf 82' lang='lat' dir='ltr'><strong>signa.</strong></span> 
     </span>
     <span class='ocr_line' id='line_1_17' title="bbox 122 1684 908 1766; baseline 0.001 -21"><span class='ocrx_word' id='word_1_104' title='bbox 122 1692 192 1746; x_wconf 89' lang='lat' dir='ltr'><strong>sunt</strong></span> <span class='ocrx_word' id='word_1_105' title='bbox 214 1686 348 1763; x_wconf 81' lang='lat' dir='ltr'><strong>geminae</strong></span> <span class='ocrx_word' id='word_1_106' title='bbox 368 1684 438 1746; x_wconf 92' lang='lat' dir='ltr'><strong>helli</strong></span> <span class='ocrx_word' id='word_1_107' title='bbox 458 1693 562 1765; x_wconf 90' lang='lat' dir='ltr'><strong>portae</strong></span> <span class='ocrx_word' id='word_1_108' title='bbox 583 1686 637 1761; x_wconf 89' lang='lat' dir='ltr'><strong>(sic</strong></span> <span class='ocrx_word' id='word_1_109' title='bbox 659 1688 779 1747; x_wconf 91' lang='lat' dir='ltr'><strong>nomine</strong></span> <span class='ocrx_word' id='word_1_110' title='bbox 799 1686 908 1766; x_wconf 87' lang='lat' dir='ltr'><strong>dicunt)</strong></span> 
     </span>
     <span class='ocr_line' id='line_1_18' title="bbox 121 1767 851 1847; baseline 0.005 -19"><span class='ocrx_word' id='word_1_111' title='bbox 121 1767 263 1847; x_wconf 78' lang='lat' dir='ltr'><strong>religione</strong></span> <span class='ocrx_word' id='word_1_112' title='bbox 284 1786 386 1830; x_wconf 91' lang='lat' dir='ltr'><strong>sacrae</strong></span> <span class='ocrx_word' id='word_1_113' title='bbox 409 1776 438 1829; x_wconf 92' lang='lat' dir='ltr'><strong>et</strong></span> <span class='ocrx_word' id='word_1_114' title='bbox 458 1771 535 1830; x_wconf 85' lang='lat' dir='ltr'><strong>saevi</strong></span> <span class='ocrx_word' id='word_1_115' title='bbox 557 1767 715 1830; x_wconf 81' lang='lat' dir='ltr'><strong>formidine</strong></span> <span class='ocrx_word' id='word_1_116' title='bbox 736 1770 851 1840; x_wconf 86' lang='lat' dir='ltr'><strong>llartis;</strong></span> 
     </span>
     <span class='ocr_line' id='line_1_19' title="bbox 122 1852 915 1933; baseline -0.003 -19"><span class='ocrx_word' id='word_1_117' title='bbox 122 1859 240 1914; x_wconf 90' lang='lat' dir='ltr'><strong>ccntum</strong></span> <span class='ocrx_word' id='word_1_118' title='bbox 262 1854 342 1913; x_wconf 89' lang='lat' dir='ltr'><strong>aerei</strong></span> <span class='ocrx_word' id='word_1_119' title='bbox 365 1852 505 1914; x_wconf 92' lang='lat' dir='ltr'><strong>claudunt</strong></span> <span class='ocrx_word' id='word_1_120' title='bbox 525 1859 623 1914; x_wconf 83' lang='lat' dir='ltr'><strong>vectes</strong></span> <span class='ocrx_word' id='word_1_121' title='bbox 645 1860 823 1933; x_wconf 88' lang='lat' dir='ltr'><strong>aeternaque</strong></span> <span class='ocrx_word' id='word_1_122' title='bbox 845 1854 915 1914; x_wconf 83' lang='lat' dir='ltr'><strong>ferri</strong></span> 
     </span>
     <span class='ocr_line' id='line_1_20' title="bbox 121 1934 820 2006; baseline 0 -10"><span class='ocrx_word' id='word_1_123' title='bbox 121 1935 240 2006; x_wconf 91' lang='lat' dir='ltr'><strong>robora,</strong></span> <span class='ocrx_word' id='word_1_124' title='bbox 266 1953 321 1996; x_wconf 91' lang='lat' dir='ltr'><strong>nec</strong></span> <span class='ocrx_word' id='word_1_125' title='bbox 344 1942 442 1996; x_wconf 90' lang='lat' dir='ltr'><strong>custos</strong></span> <span class='ocrx_word' id='word_1_126' title='bbox 463 1935 576 1996; x_wconf 90' lang='lat' dir='ltr'><strong>absistit</strong></span> <span class='ocrx_word' id='word_1_127' title='bbox 597 1934 697 1996; x_wconf 90' lang='lat' dir='ltr'><strong>limine</strong></span> <span class='ocrx_word' id='word_1_128' title='bbox 718 1935 820 1996; x_wconf 86' lang='lat' dir='ltr'><strong>lanus:</strong></span> 
     </span>
     <span class='ocr_line' id='line_1_21' title="bbox 121 2017 922 2097; baseline 0 -19"><span class='ocrx_word' id='word_1_129' title='bbox 121 2019 183 2089; x_wconf 91' lang='lat' dir='ltr'><strong>has,</strong></span> <span class='ocrx_word' id='word_1_130' title='bbox 206 2018 256 2079; x_wconf 92' lang='lat' dir='ltr'><strong>ubi</strong></span> <span class='ocrx_word' id='word_1_131' title='bbox 279 2025 358 2079; x_wconf 91' lang='lat' dir='ltr'><strong>certa</strong></span> <span class='ocrx_word' id='word_1_132' title='bbox 379 2019 461 2079; x_wconf 88' lang='lat' dir='ltr'><strong>sedet</strong></span> <span class='ocrx_word' id='word_1_133' title='bbox 481 2017 614 2097; x_wconf 90' lang='lat' dir='ltr'><strong>patribus</strong></span> <span class='ocrx_word' id='word_1_134' title='bbox 636 2019 779 2079; x_wconf 89' lang='lat' dir='ltr'><strong>sententia</strong></span> <span class='ocrx_word' id='word_1_135' title='bbox 798 2035 922 2095; x_wconf 77' lang='lat' dir='ltr'><strong>pugnae,</strong></span> 
     </span>
     <span class='ocr_line' id='line_1_22' title="bbox 122 2099 778 2179; baseline -0.005 -18"><span class='ocrx_word' id='word_1_136' title='bbox 122 2105 185 2179; x_wconf 91' lang='lat' dir='ltr'><strong>ipse</strong></span> <span class='ocrx_word' id='word_1_137' title='bbox 203 2100 344 2169; x_wconf 85' lang='lat' dir='ltr'><strong>Quirinali</strong></span> <span class='ocrx_word' id='word_1_138' title='bbox 364 2100 466 2161; x_wconf 88' lang='lat' dir='ltr'><strong>trabea</strong></span> <span class='ocrx_word' id='word_1_139' title='bbox 486 2102 642 2177; x_wconf 87' lang='lat' dir='ltr'><strong>cinctuque</strong></span> <span class='ocrx_word' id='word_1_140' title='bbox 664 2099 778 2162; x_wconf 86' lang='lat' dir='ltr'><strong>Gabino</strong></span> 
     </span>
     <span class='ocr_line' id='line_1_23' title="bbox 122 2181 803 2260; baseline -0.006 -14"><span class='ocrx_word' id='word_1_141' title='bbox 122 2184 244 2260; x_wconf 78' lang='lat' dir='ltr'><strong>insignis</strong></span> <span class='ocrx_word' id='word_1_142' title='bbox 266 2189 379 2244; x_wconf 80' lang='lat' dir='ltr'><strong>reserat</strong></span> <span class='ocrx_word' id='word_1_143' title='bbox 400 2183 550 2243; x_wconf 87' lang='lat' dir='ltr'><strong>stridentia</strong></span> <span class='ocrx_word' id='word_1_144' title='bbox 572 2181 671 2242; x_wconf 92' lang='lat' dir='ltr'><strong>limina</strong></span> <span class='ocrx_word' id='word_1_145' title='bbox 692 2181 803 2251; x_wconf 92' lang='lat' dir='ltr'><strong>consul,</strong></span> 
     </span>
     <span class='ocr_line' id='line_1_24' title="bbox 122 2265 915 2346; baseline -0.003 -19"><span class='ocrx_word' id='word_1_146' title='bbox 122 2269 184 2346; x_wconf 86' lang='lat' dir='ltr'><strong>ipse</strong></span> <span class='ocrx_word' id='word_1_147' title='bbox 206 2273 290 2327; x_wconf 79' lang='lat' dir='ltr'><strong>vocat</strong></span> <span class='ocrx_word' id='word_1_148' title='bbox 307 2281 435 2344; x_wconf 64' lang='lat' dir='ltr'><strong>pugnam</strong></span> <span class='ocrx_word' id='word_1_149' title='bbox 457 2266 589 2342; x_wconf 89' lang='lat' dir='ltr'><strong>sequitur</strong></span> <span class='ocrx_word' id='word_1_150' title='bbox 612 2271 674 2325; x_wconf 92' lang='lat' dir='ltr'><strong>tum</strong></span> <span class='ocrx_word' id='word_1_151' title='bbox 694 2272 791 2326; x_wconf 91' lang='lat' dir='ltr'><strong>cetera</strong></span> <span class='ocrx_word' id='word_1_152' title='bbox 812 2265 915 2344; x_wconf 91' lang='lat' dir='ltr'><strong>pubes,</strong></span> 
     </span>
     <span class='ocr_line' id='line_1_25' title="bbox 122 2349 858 2427; baseline -0.003 -15"><span class='ocrx_word' id='word_1_153' title='bbox 122 2367 268 2427; x_wconf 87' lang='lat' dir='ltr'><strong>aereaque</strong></span> <span class='ocrx_word' id='word_1_154' title='bbox 290 2349 415 2409; x_wconf 90' lang='lat' dir='ltr'><strong>adsensu</strong></span> <span class='ocrx_word' id='word_1_155' title='bbox 438 2349 606 2424; x_wconf 89' lang='lat' dir='ltr'><strong>conspirant</strong></span> <span class='ocrx_word' id='word_1_156' title='bbox 627 2365 737 2409; x_wconf 91' lang='lat' dir='ltr'><strong>cornua</strong></span> <span class='ocrx_word' id='word_1_157' title='bbox 758 2365 858 2410; x_wconf 86' lang='lat' dir='ltr'><strong>rauco.</strong></span> 
     </span>
     <span class='ocr_line' id='line_1_26' title="bbox 123 2430 866 2495; baseline -0.003 -1"><span class='ocrx_word' id='word_1_158' title='bbox 123 2446 181 2494; x_wconf 87' lang='lat' dir='ltr'><strong>noc</strong></span> <span class='ocrx_word' id='word_1_159' title='bbox 201 2440 231 2495; x_wconf 89' lang='lat' dir='ltr'><strong>et</strong></span> <span class='ocrx_word' id='word_1_160' title='bbox 253 2439 315 2495; x_wconf 93' lang='lat' dir='ltr'><strong>tum</strong></span> <span class='ocrx_word' id='word_1_161' title='bbox 337 2431 480 2493; x_wconf 75' lang='lat' dir='ltr'><strong>Aeneadis</strong></span> <span class='ocrx_word' id='word_1_162' title='bbox 498 2431 627 2492; x_wconf 87' lang='lat' dir='ltr'><strong>indicere</strong></span> <span class='ocrx_word' id='word_1_163' title='bbox 648 2430 724 2492; x_wconf 92' lang='lat' dir='ltr'><strong>bella</strong></span> <span class='ocrx_word' id='word_1_164' title='bbox 748 2433 866 2493; x_wconf 84' lang='lat' dir='ltr'><strong>Latinus</strong></span> 
     </span>
     <span class='ocr_line' id='line_1_27' title="bbox 122 2512 862 2594; baseline -0.005 -16"><span class='ocrx_word' id='word_1_165' title='bbox 122 2535 206 2578; x_wconf 94' lang='lat' dir='ltr'><strong>more</strong></span> <span class='ocrx_word' id='word_1_166' title='bbox 228 2514 386 2579; x_wconf 90' lang='lat' dir='ltr'><strong>iubebatur</strong></span> <span class='ocrx_word' id='word_1_167' title='bbox 408 2514 557 2594; x_wconf 85' lang='lat' dir='ltr'><strong>tristisque</strong></span> <span class='ocrx_word' id='word_1_168' title='bbox 578 2512 732 2576; x_wconf 84' lang='lat' dir='ltr'><strong>recludere</strong></span> <span class='ocrx_word' id='word_1_169' title='bbox 754 2521 862 2593; x_wconf 89' lang='lat' dir='ltr'><strong>portas.</strong></span> 
     </span>
     <span class='ocr_line' id='line_1_28' title="bbox 123 2598 798 2678; baseline -0.007 -16"><span class='ocrx_word' id='word_1_170' title='bbox 123 2600 263 2662; x_wconf 84' lang='lat' dir='ltr'><strong>abstinuit</strong></span> <span class='ocrx_word' id='word_1_171' title='bbox 284 2608 363 2662; x_wconf 91' lang='lat' dir='ltr'><strong>tactu</strong></span> <span class='ocrx_word' id='word_1_172' title='bbox 382 2605 467 2678; x_wconf 92' lang='lat' dir='ltr'><strong>pater</strong></span> <span class='ocrx_word' id='word_1_173' title='bbox 489 2614 667 2675; x_wconf 84' lang='lat' dir='ltr'><strong>aversusque</strong></span> <span class='ocrx_word' id='word_1_174' title='bbox 688 2598 798 2677; x_wconf 78' lang='lat' dir='ltr'><strong>refugit</strong></span> 
     </span>
     <span class='ocr_line' id='line_1_29' title="bbox 122 2680 902 2746; baseline -0.001 -2"><span class='ocrx_word' id='word_1_175' title='bbox 122 2684 208 2746; x_wconf 85' lang='lat' dir='ltr'><strong>ioeda</strong></span> <span class='ocrx_word' id='word_1_176' title='bbox 228 2685 387 2746; x_wconf 90' lang='lat' dir='ltr'><strong>ministeria</strong></span> <span class='ocrx_word' id='word_1_177' title='bbox 409 2690 438 2745; x_wconf 87' lang='lat' dir='ltr'><strong>et</strong></span> <span class='ocrx_word' id='word_1_178' title='bbox 459 2683 552 2742; x_wconf 87' lang='lat' dir='ltr'><strong>caecis</strong></span> <span class='ocrx_word' id='word_1_179' title='bbox 574 2699 606 2742; x_wconf 91' lang='lat' dir='ltr'><strong>se</strong></span> <span class='ocrx_word' id='word_1_180' title='bbox 628 2680 758 2742; x_wconf 88' lang='lat' dir='ltr'><strong>condidit</strong></span> <span class='ocrx_word' id='word_1_181' title='bbox 780 2681 902 2744; x_wconf 84' lang='lat' dir='ltr'><strong>umbris.</strong></span> 
     </span>
     <span class='ocr_line' id='line_1_30' title="bbox 124 2764 819 2846; baseline -0.004 -16"><span class='ocrx_word' id='word_1_182' title='bbox 124 2774 184 2830; x_wconf 91' lang='lat' dir='ltr'><strong>tum</strong></span> <span class='ocrx_word' id='word_1_183' title='bbox 206 2770 307 2846; x_wconf 80' lang='lat' dir='ltr'><strong>regina</strong></span> <span class='ocrx_word' id='word_1_184' title='bbox 330 2768 417 2829; x_wconf 91' lang='lat' dir='ltr'><strong>deum</strong></span> <span class='ocrx_word' id='word_1_185' title='bbox 439 2764 519 2827; x_wconf 87' lang='lat' dir='ltr'><strong>caelo</strong></span> <span class='ocrx_word' id='word_1_186' title='bbox 542 2765 659 2844; x_wconf 88' lang='lat' dir='ltr'><strong>delapsa</strong></span> <span class='ocrx_word' id='word_1_187' title='bbox 678 2767 819 2827; x_wconf 89' lang='lat' dir='ltr'><strong>morantis</strong></span> 
     </span>
     <span class='ocr_line' id='line_1_31' title="bbox 124 2849 858 2930; baseline -0.005 -18"><span class='ocrx_word' id='word_1_188' title='bbox 124 2851 240 2930; x_wconf 85' lang='lat' dir='ltr'><strong>impulit</strong></span> <span class='ocrx_word' id='word_1_189' title='bbox 264 2854 327 2930; x_wconf 90' lang='lat' dir='ltr'><strong>ipsa</strong></span> <span class='ocrx_word' id='word_1_190' title='bbox 349 2867 438 2912; x_wconf 90' lang='lat' dir='ltr'><strong>manu</strong></span> <span class='ocrx_word' id='word_1_191' title='bbox 455 2856 564 2926; x_wconf 88' lang='lat' dir='ltr'><strong>portas,</strong></span> <span class='ocrx_word' id='word_1_192' title='bbox 585 2856 614 2910; x_wconf 91' lang='lat' dir='ltr'><strong>et</strong></span> <span class='ocrx_word' id='word_1_193' title='bbox 635 2849 753 2910; x_wconf 89' lang='lat' dir='ltr'><strong>cardine</strong></span> <span class='ocrx_word' id='word_1_194' title='bbox 774 2867 858 2911; x_wconf 87' lang='lat' dir='ltr'><strong>verso</strong></span> 
     </span>
     <span class='ocr_line' id='line_1_32' title="bbox 123 2931 758 3011; baseline -0.005 -16"><span class='ocrx_word' id='word_1_195' title='bbox 123 2934 191 2997; x_wconf 89' lang='lat' dir='ltr'><strong>belli</strong></span> <span class='ocrx_word' id='word_1_196' title='bbox 214 2935 339 2995; x_wconf 82' lang='lat' dir='ltr'><strong>ferratos</strong></span> <span class='ocrx_word' id='word_1_197' title='bbox 360 2933 470 3011; x_wconf 90' lang='lat' dir='ltr'><strong>rumpit</strong></span> <span class='ocrx_word' id='word_1_198' title='bbox 492 2931 627 2994; x_wconf 89' lang='lat' dir='ltr'><strong>Saturnia</strong></span> <span class='ocrx_word' id='word_1_199' title='bbox 650 2939 758 3009; x_wconf 85' lang='lat' dir='ltr'><strong>postes.</strong></span> 
     </span>
     <span class='ocr_line' id='line_1_33' title="bbox 124 3014 888 3093; baseline -0.001 -15"><span class='ocrx_word' id='word_1_200' title='bbox 124 3017 207 3078; x_wconf 89' lang='lat' dir='ltr'><strong>ardet</strong></span> <span class='ocrx_word' id='word_1_201' title='bbox 228 3017 353 3078; x_wconf 84' lang='lat' dir='ltr'><strong>inexcita</strong></span> <span class='ocrx_word' id='word_1_202' title='bbox 374 3017 501 3077; x_wconf 91' lang='lat' dir='ltr'><strong>Ausonia</strong></span> <span class='ocrx_word' id='word_1_203' title='bbox 521 3022 609 3093; x_wconf 91' lang='lat' dir='ltr'><strong>atque</strong></span> <span class='ocrx_word' id='word_1_204' title='bbox 629 3014 784 3082; x_wconf 87' lang='lat' dir='ltr'><strong>immobilis</strong></span> <span class='ocrx_word' id='word_1_205' title='bbox 808 3025 888 3085; x_wconf 75' lang='lat' dir='ltr'><strong>ante:</strong></span> 
     </span>
     <span class='ocr_line' id='line_1_34' title="bbox 124 3097 943 3180; baseline 0 -19"><span class='ocrx_word' id='word_1_206' title='bbox 124 3103 264 3180; x_wconf 81' lang='lat' dir='ltr'><strong>signaque</strong></span> <span class='ocrx_word' id='word_1_207' title='bbox 285 3101 365 3162; x_wconf 82' lang='lat' dir='ltr'><strong>ferre</strong></span> <span class='ocrx_word' id='word_1_208' title='bbox 382 3101 461 3161; x_wconf 84' lang='lat' dir='ltr'><strong>iuvat</strong></span> <span class='ocrx_word' id='word_1_209' title='bbox 482 3101 652 3177; x_wconf 89' lang='lat' dir='ltr'><strong>sonitusque</strong></span> <span class='ocrx_word' id='word_1_210' title='bbox 672 3097 774 3159; x_wconf 91' lang='lat' dir='ltr'><strong>audire</strong></span> <span class='ocrx_word' id='word_1_211' title='bbox 795 3099 943 3161; x_wconf 90' lang='lat' dir='ltr'><strong>tubarum.</strong></span> 
     </span>
     <span class='ocr_line' id='line_1_35' title="bbox 125 3180 899 3263; baseline -0.001 -18"><span class='ocrx_word' id='word_1_212' title='bbox 125 3186 253 3263; x_wconf 87' lang='lat' dir='ltr'><strong>quinque</strong></span> <span class='ocrx_word' id='word_1_213' title='bbox 275 3184 347 3245; x_wconf 90' lang='lat' dir='ltr'><strong>adeo</strong></span> <span class='ocrx_word' id='word_1_214' title='bbox 367 3199 491 3260; x_wconf 82' lang='lat' dir='ltr'><strong>magnae</strong></span> <span class='ocrx_word' id='word_1_215' title='bbox 513 3184 614 3260; x_wconf 81' lang='lat' dir='ltr'><strong>positis</strong></span> <span class='ocrx_word' id='word_1_216' title='bbox 635 3180 790 3244; x_wconf 88' lang='lat' dir='ltr'><strong>incudibus</strong></span> <span class='ocrx_word' id='word_1_217' title='bbox 808 3182 899 3244; x_wconf 93' lang='lat' dir='ltr'><strong>urbes</strong></span> 
     </span>
     <span class='ocr_line' id='line_1_36' title="bbox 124 3265 915 3345; baseline -0.001 -17"><span class='ocrx_word' id='word_1_218' title='bbox 124 3268 181 3328; x_wconf 87' lang='lat' dir='ltr'><strong>tela</strong></span> <span class='ocrx_word' id='word_1_219' title='bbox 202 3275 318 3339; x_wconf 84' lang='lat' dir='ltr'><strong>norant,</strong></span> <span class='ocrx_word' id='word_1_220' title='bbox 336 3269 420 3328; x_wconf 90' lang='lat' dir='ltr'><strong>Atina</strong></span> <span class='ocrx_word' id='word_1_221' title='bbox 442 3273 547 3345; x_wconf 88' lang='lat' dir='ltr'><strong>potens</strong></span> <span class='ocrx_word' id='word_1_222' title='bbox 569 3265 722 3343; x_wconf 82' lang='lat' dir='ltr'><strong>Tiburque</strong></span> <span class='ocrx_word' id='word_1_223' title='bbox 744 3266 915 3345; x_wconf 89' lang='lat' dir='ltr'><strong>superbum,</strong></span> 
     </span>
     <span class='ocr_line' id='line_1_37' title="bbox 124 3350 900 3431; baseline -0.001 -18"><span class='ocrx_word' id='word_1_224' title='bbox 124 3351 218 3413; x_wconf 89' lang='lat' dir='ltr'><strong>Ardea</strong></span> <span class='ocrx_word' id='word_1_225' title='bbox 241 3351 480 3431; x_wconf 83' lang='lat' dir='ltr'><strong>Crustumerique</strong></span> <span class='ocrx_word' id='word_1_226' title='bbox 501 3357 530 3412; x_wconf 91' lang='lat' dir='ltr'><strong>et</strong></span> <span class='ocrx_word' id='word_1_227' title='bbox 549 3350 711 3428; x_wconf 80' lang='lat' dir='ltr'><strong>turrigerae</strong></span> <span class='ocrx_word' id='word_1_228' title='bbox 731 3351 900 3412; x_wconf 86' lang='lat' dir='ltr'><strong>Antemnae.</strong></span> 
     </span>
     <span class='ocr_line' id='line_1_38' title="bbox 124 3431 950 3514; baseline -0.007 -16"><span class='ocrx_word' id='word_1_229' title='bbox 124 3436 253 3514; x_wconf 76' lang='lat' dir='ltr'><strong>tegmina</strong></span> <span class='ocrx_word' id='word_1_230' title='bbox 272 3441 334 3495; x_wconf 91' lang='lat' dir='ltr'><strong>tuta</strong></span> <span class='ocrx_word' id='word_1_231' title='bbox 357 3442 459 3495; x_wconf 87' lang='lat' dir='ltr'><strong>cavant</strong></span> <span class='ocrx_word' id='word_1_232' title='bbox 478 3435 604 3513; x_wconf 92' lang='lat' dir='ltr'><strong>capitum</strong></span> <span class='ocrx_word' id='word_1_233' title='bbox 627 3431 807 3513; x_wconf 86' lang='lat' dir='ltr'><strong>flectuntque</strong></span> <span class='ocrx_word' id='word_1_234' title='bbox 823 3433 950 3511; x_wconf 80' lang='lat' dir='ltr'><strong>salignas</strong></span> 
     </span>
     <span class='ocr_line' id='line_1_39' title="bbox 125 3517 746 3592; baseline -0.011 -11"><span class='ocrx_word' id='word_1_235' title='bbox 125 3519 285 3581; x_wconf 86' lang='lat' dir='ltr'><strong>umbonum</strong></span> <span class='ocrx_word' id='word_1_236' title='bbox 307 3520 412 3586; x_wconf 78' lang='lat' dir='ltr'><strong>cratis:</strong></span> <span class='ocrx_word' id='word_1_237' title='bbox 431 3517 479 3579; x_wconf 92' lang='lat' dir='ltr'><strong>alil</strong></span> <span class='ocrx_word' id='word_1_238' title='bbox 498 3519 635 3592; x_wconf 80' lang='lat' dir='ltr'><strong>thoracas</strong></span> <span class='ocrx_word' id='word_1_239' title='bbox 656 3519 746 3576; x_wconf 82' lang='lat' dir='ltr'><strong>adnos</strong></span> 
     </span>
    </p>
   </div>
   <div class='ocr_carea' id='block_1_3' title="bbox 0 0 1265 4096">
    <p class='ocr_par' dir='ltr' id='par_1_4' title="bbox 0 0 1265 4096">
     <span class='ocr_line' id='line_1_40' title="bbox 0 0 1265 4096; baseline 0 0"><span class='ocrx_word' id='word_1_240' title='bbox 0 0 1265 4096; x_wconf 95' lang='lat' dir='ltr'><strong> </strong></span> 
     </span>
    </p>
   </div>
  </div>
 </body>
</html>
