2512 4096
191 237 231 301 84
477 242 838 294 rnno1nronounrcora
861 242 915 293 mr

181 403 324 468 lustrabat
346 409 460 479 raptam
481 400 646 480 Eurydicen
668 407 756 477 atque
777 398 865 461 inrita
886 396 962 461 uim

181 489 258 549 dona
280 503 421 565 quereum
464 491 580 563 spretae
602 482 742 544 Ciconum
764 496 971 559 promouere
994 490 1116 545 matres
1159 495 1205 549 eto

181 573 258 632 inter
280 587 362 630 sacra
384 568 473 629 deum
493 567 690 645 nocturnique
712 566 792 642 orgia
816 563 925 627 Eaccbl

182 654 360 730 discerptum
381 651 456 713 latos
476 653 611 712 iuvenem
632 666 768 727 sparsere
788 663 845 727 per
868 665 966 726 agros.

183 744 245 797 tum
265 753 384 815 quoque
405 750 570 795 marmorea
592 739 679 812 caput
700 750 718 794 a
740 733 855 795 cervice
877 729 1029 793 rerolsum

182 821 297 898 gurgite
319 837 385 879 cum
407 817 503 877 medio
525 824 646 894 portans
668 814 811 893 Oeagrius
834 815 952 877 Hebrus

182 903 324 971 volveret,
345 900 510 980 Eurydicen
532 918 586 960 vox
608 901 670 978 ipsa
692 906 721 960 et
742 899 848 976 frigida
869 898 968 978 lingua
1108 914 1112 920 ·
1157 911 1203 966 aaa

183 987 215 1046 al
248 987 386 1046 miseram
406 982 570 1062 Eurydicen
592 984 688 1044 anima
709 983 839 1060 fugiente
861 982 992 1051 vocabat,

183 1068 348 1149 Eurydicen
369 1073 430 1126 toto
451 1065 621 1127 referebant
641 1065 885 1145 llumineripae?

184 1194 187 1200 ·
225 1152 304 1214 Haec
324 1152 463 1219 Proteus,
486 1156 515 1212 et
536 1166 568 1210 se
589 1151 667 1210 iactu
689 1149 768 1211 dedit
789 1155 900 1229 aequor
921 1150 956 1210 in·
973 1146 1079 1219 altum,

185 1254 300 1316 quaque
321 1234 414 1303 dedit,
437 1241 620 1312 spumantem
642 1232 752 1295 undam
772 1232 827 1293 sub
850 1233 958 1294 vertice
980 1232 1077 1293 torsit

185 1328 214 1378 at
234 1336 294 1378 non
317 1317 442 1396 Cyrene;
487 1333 613 1394 namque
634 1314 712 1375 ultro
735 1316 830 1376 adfata
850 1317 1017 1377 timentem:

229 1408 326 1470 ‘nate,
349 1399 417 1461 licet
438 1399 533 1466 tristis,
551 1399 648 1458 animo
671 1398 820 1477 deponere
842 1416 937 1461 curas.

185 1483 259 1545 baec
281 1484 374 1544 omnis
396 1481 493 1543 morbi
515 1499 617 1551 causa,
640 1479 709 1543 hinc
730 1481 896 1544 miserabile
917 1479 1078 1561 nymphae,

187 1585 254 1628 cum
276 1564 382 1646 quibus
402 1564 450 1625 illa
472 1565 579 1625 choros
599 1563 673 1626 lucis
694 1565 822 1642 agitabat
843 1568 872 1626 in
894 1563 968 1632 altis,

187 1651 305 1711 exitium
327 1650 433 1709 misere
455 1647 568 1726 apibus.
611 1652 644 1709 tu
665 1665 788 1710 munera
810 1647 933 1728 supplex

185 1732 274 1794 tende
294 1739 397 1810 petens
417 1748 534 1809 pacem,
557 1737 586 1792 et
607 1731 699 1793 facilis
720 1749 861 1794 venerare
882 1747 1022 1809 napaea⁸;

186 1833 313 1896 namque
335 1813 446 1877 dabunt
467 1815 580 1874 reniam
601 1816 688 1885 votis,
710 1816 829 1895 irasque
850 1817 1006 1876 remittent.

186 1900 239 1961 sed
253 1899 357 1961 modus
379 1897 482 1960 orandi
504 1898 553 1975 qui
574 1899 624 1967 sit,
647 1900 729 1977 prius
751 1899 853 1960 ordine
875 1899 979 1960 dicam.

188 1989 325 2063 quattuor
347 1983 467 2043 eximios
488 1981 648 2058 praestanti
669 1999 795 2060 corpore
816 1989 925 2051 tauros,

191 2067 238 2146 qui
260 2066 313 2126 tibi
334 2083 414 2128 nunc
435 2064 534 2125 viridis
555 2064 717 2143 depascunt
738 2083 852 2126 summa
874 2065 986 2145 Lycaei,

190 2149 301 2225 delige,
324 2156 354 2210 et
375 2151 481 2210 intacta
503 2148 624 2210 totidem
645 2149 758 2210 cervice
780 2151 925 2211 iuvencas.

191 2237 329 2308 quattuor
350 2232 395 2293 bis
417 2249 483 2293 aras
504 2231 561 2292 alta
582 2232 619 2292 ad
641 2230 763 2293 delubra
786 2232 908 2294 dearum
978 2258 980 2263 ·

189 2315 348 2383 constitue,
371 2321 400 2376 et
420 2332 538 2376 sacrum
559 2313 665 2390 iugulis
687 2315 805 2377 demitte
827 2333 973 2385 cruorem,

189 2411 373 2475 corporaque
394 2398 455 2475 ipsa
477 2397 568 2457 boum
588 2395 729 2458 frondoso
752 2398 855 2460 desere
875 2399 953 2460 luco.

188 2483 255 2558 post
275 2478 327 2539 ubi
348 2495 424 2539 nona
445 2496 515 2539 suos
535 2478 650 2540 Aurora
671 2480 834 2542 ostenderit
853 2489 945 2553 ortus,

188 2559 308 2622 inferias
329 2560 439 2640 Orphei
459 2560 584 2621 Lethaea
606 2578 752 2639 papavera
773 2564 879 2634 mittes,

188 2652 217 2705 et
238 2645 358 2722 nigram·
373 2642 514 2703 mactabis
536 2660 634 2714 ovem,
657 2643 814 2725 lucumque
835 2650 958 2711 revises:

188 2726 331 2805 placatam
352 2725 517 2805 Eurydicen
538 2725 627 2788 vitula
647 2728 827 2791 venerabere
850 2736 953 2793 caesa!

229 2809 306 2871 Haut
327 2827 425 2870 mora:
469 2809 608 2870 continuo
628 2813 729 2872 matris
749 2821 906 2892 praecepta
928 2815 1057 2884 recessio
1095 2836 1099 2843 ·

190 2891 225 2953 ad
247 2890 370 2952 delubra
390 2892 484 2961 venit,
507 2898 683 2955 monstratas
704 2898 810 2957 excitat
832 2915 907 2968 aras,

189 2981 325 3053 quattuor
347 2976 467 3036 eximios
487 2979 647 3053 praestanti
668 2996 794 3058 corpore
814 2988 915 3043 tauros
1007 3051 1010 3055 ,
1149 2992 1207 3046 too

188 3058 268 3119 ducit
289 3064 318 3118 et
338 3060 446 3119 intacta
466 3059 587 3142 totidem
609 3063 722 3124 cervice
743 3064 888 3127 iuvencas.

187 3147 254 3218 post
275 3140 326 3202 ubi
347 3159 424 3202 nona
445 3160 514 3203 suos
535 3146 649 3207 eurora
670 3147 825 3209 induxerat
845 3157 937 3218 ortus,

188 3221 306 3284 inferias
328 3223 437 3302 Orphei
458 3226 558 3297 mittit,
579 3225 738 3309 lucumque
759 3233 867 3292 revisit.

188 3305 236 3366 hic
257 3322 327 3367 vero
347 3307 477 3369 subitum
498 3328 532 3370 ac
554 3309 633 3371 dictu
654 3310 788 3374 mirabile
809 3324 973 3378 monstrum

188 3389 345 3467 aspiciunt,
367 3389 523 3470 liquefacta
544 3391 634 3454 boum
656 3411 710 3473 per
731 3395 843 3458 viscera
863 3406 925 3460 toto
1150 3406 1204 3462 tot

189 3471 313 3534 stridere
334 3491 404 3552 apes
424 3481 509 3536 utero
531 3483 560 3537 et
580 3477 675 3555 ruptis
697 3478 837 3542 ellervere
858 3484 955 3549 costis,
1119 3480 1123 3487 ’
