2512 4096
413 286 557 335 vnnoun
578 285 779 335 ononorcon
796 286 839 334 111
1093 274 1134 336 59

122 443 175 504 sed
188 449 251 502 tota
272 443 301 502 in
324 440 416 502 dulcis
439 449 612 503 consument
632 440 725 502 ubera
746 449 840 516 natos.

165 525 219 586 Sin
241 524 278 586 ad
299 523 375 586 bella
396 527 488 604 magis
509 526 637 586 studium
658 532 830 602 turmasque
852 525 967 594 ferocis,

123 616 175 670 aut
195 607 307 686 Alphea
327 610 399 669 rotis
419 607 550 686 praelabi
571 609 692 669 ilumina
713 609 797 669 Pisae

124 699 154 754 ct
174 692 251 753 lovis
271 693 302 752 in
322 691 389 753 luco
411 711 516 753 currus
538 694 648 770 agitare
669 690 808 752 volantis:

123 777 239 854 primus
261 777 328 853 equi
349 774 432 835 labor
454 783 512 845 est,
535 777 648 836 animos
669 782 757 853 atque
780 791 862 834 arma
883 772 982 833 videre

124 857 286 920 bellantum
307 858 452 936 lituosque
472 859 533 936 pati
552 864 707 937 tractuque
728 864 894 934 gementem

125 944 205 1003 ierne
227 949 322 1002 rotam
344 949 373 1002 ct
394 941 508 1003 stabulo
530 943 630 1003 frenos
652 942 754 1003 audire
776 941 921 1008 sonantis;

124 1033 188 1086 tum
210 1027 302 1103 magis
323 1034 410 1105 atque
431 1028 523 1105 magis
543 1025 658 1087 blandis
679 1025 808 1104 gaudere
830 1024 962 1101 magistri
1085 1030 1135 1085 185

125 1107 263 1170 laudibus
285 1115 314 1169 et
334 1107 453 1186 plausae
474 1111 602 1170 sonitum
625 1111 745 1170 cervicis
767 1126 875 1169 amare.

125 1200 214 1271 atquc
235 1191 309 1252 haec
329 1193 387 1252 iam
407 1193 503 1270 primo
525 1192 664 1272 depulsus
686 1193 722 1253 ab
744 1190 837 1252 ubere
858 1191 960 1251 matris

126 1276 248 1345 audeat,
271 1275 361 1352 inque
381 1277 474 1337 vicem
496 1277 545 1336 det
565 1276 703 1336 mollibus
725 1293 777 1335 ora
799 1274 933 1353 capistris

125 1358 269 1420 invalidus
291 1360 435 1437 etiamque
455 1367 599 1430 tremens,
624 1359 710 1420 etiam
731 1359 842 1419 inscius
863 1359 934 1418 aevi.

127 1451 157 1504 at
177 1442 273 1503 tribus
295 1444 403 1502 exactis
426 1442 476 1502 ubi
497 1450 600 1521 quarta
622 1443 768 1520 acceperit
789 1449 892 1509 aestas,

126 1544 250 1604 carpere
271 1544 340 1585 mox
362 1544 466 1605 gyrum
486 1527 605 1603 incipiat
626 1526 824 1604 gradibusque
846 1541 952 1584 sonare

126 1610 312 1688 compositis,
336 1611 489 1688 sinuetque
511 1610 623 1670 alterna
645 1609 791 1670 volumina
814 1626 944 1676 crurum,

127 1695 223 1771 sitque
243 1691 388 1754 laboranti
410 1694 526 1764 similis;
548 1701 612 1755 tum
636 1693 771 1755 cursibus
792 1709 879 1753 auras

127 1784 280 1854 provocet,
304 1795 338 1838 ac
359 1795 412 1854 per
434 1785 533 1856 aperta
554 1776 655 1839 volans
677 1795 732 1838 cen
752 1775 836 1837 liber·
849 1775 972 1836 habenis

128 1878 257 1937 aequora
278 1861 325 1919 vix
346 1879 459 1921 smnma
480 1863 599 1940 vestigia
620 1868 711 1940 ponat
731 1860 859 1927 harena;

129 1943 223 2022 qualis
243 1936 434 2022 hyperboreis
456 1944 552 2024 aquilo
575 1964 642 2006 cum
665 1945 773 2006 densus
795 1942 832 2002 ab
854 1942 914 2000 oris

127 2026 273 2095 incubuit,
297 2027 489 2106 Scythiaeque
510 2030 622 2089 hiemes
644 2035 731 2106 atque
753 2026 833 2085 arida
855 2023 953 2084 differt

128 2108 243 2171 nubila:
264 2118 328 2170 tum
349 2119 463 2189 segetes
484 2113 558 2172 altae
580 2113 734 2188 campique
755 2113 888 2167 natantes

128 2192 244 2254 lenibus
264 2194 438 2254 horrescunt
459 2194 574 2263 llabris,
597 2208 787 2267 summaeque
809 2206 946 2249 sonorem

129 2279 200 2338 dant
220 2276 323 2344 silvae,
346 2274 484 2354 longique
505 2284 613 2353 urgent
634 2275 671 2335 ad
692 2273 778 2333 litora
800 2273 921 2340 ssuctus;
1085 2281 1138 2335 loo

128 2359 178 2421 ille
198 2358 276 2418 volat
297 2358 383 2419 simul
404 2377 473 2418 arva
494 2360 563 2436 luga
584 2357 671 2419 simul
692 2375 820 2436 aequora
841 2373 971 2417 verrens.

128 2444 199 2504 binc
219 2440 265 2503 vel
286 2442 323 2502 ad
345 2442 406 2503 Elei
423 2450 515 2503 metas
537 2449 566 2503 et
586 2443 713 2503 maxima
735 2441 830 2517 campi

128 2526 246 2588 sudabit
266 2526 359 2606 spatia
380 2535 410 2587 et
431 2544 550 2604 spumas
572 2534 638 2602 aget
659 2544 712 2586 ore
734 2531 879 2592 cruentas

129 2608 247 2688 Belgica
268 2609 314 2670 vel
335 2610 414 2670 molli
436 2610 540 2671 melius
558 2611 637 2675 ieret
658 2608 761 2670 esseda
783 2606 867 2669 collo.

129 2701 193 2754 tum
215 2692 332 2754 demum
355 2711 452 2754 crassa
474 2711 613 2771 magnum
634 2694 783 2769 farragine
805 2707 913 2768 corpus
1087 2698 1139 2751 205

131 2794 266 2837 crescere
286 2777 344 2835 iam
365 2777 481 2836 domitis
502 2778 602 2837 sinito:
630 2794 758 2855 namque
779 2782 846 2835 ante
869 2772 1047 2834 domandum

130 2860 257 2934 ingentis
277 2857 380 2917 tollent
400 2862 525 2929 animos,
547 2862 705 2938 prensique
726 2858 876 2936 negabunt

131 2941 256 3001 verbera
274 2939 352 2999 lenta
372 2944 432 3016 pati
454 2951 483 3001 et
504 2942 585 3002 duris
605 2960 711 3018 parere
732 2940 847 3019 lupatis.

176 3022 234 3082 Sed
255 3038 315 3081 non
336 3021 396 3082 ulla
416 3025 508 3100 magis
528 3024 597 3084 viris
618 3024 760 3084 industria
781 3025 886 3091 firmat,

133 3124 221 3184 qnam
243 3104 386 3166 Venerem
408 3112 437 3166 et
459 3108 537 3167 caeci
559 3105 690 3167 stimulos
712 3113 844 3167 avertere
866 3107 983 3177 amoris,
1088 3117 1140 3169 210

132 3191 192 3250 sive
213 3187 320 3249 bovom
342 3191 400 3250 sive
423 3197 467 3252 est
489 3192 557 3269 quoi
578 3192 688 3267 gratior
701 3206 781 3250 usus
802 3207 955 3268 equorum.

131 3281 219 3352 atque
240 3272 305 3334 idco
327 3281 427 3334 tauros
447 3273 551 3352 procul
572 3282 660 3354 atque
681 3276 712 3335 in
733 3272 794 3333 sola
815 3273 946 3352 relegant

130 3375 240 3436 pascua
261 3364 328 3434 post
347 3364 477 3420 montem
499 3361 665 3436 oppositum
688 3368 718 3420 et
737 3365 819 3419 trans
840 3357 961 3419 flumina
982 3357 1049 3420 lata.

132 3447 182 3502 aut
202 3442 280 3501 intus
302 3439 416 3502 clausos
438 3449 536 3503 satura
557 3443 595 3503 ad
616 3443 787 3520 praesaepia
808 3448 933 3502 servant.

133 3525 226 3604 carpit
246 3526 325 3584 enim
345 3526 414 3585 viris
435 3525 573 3603 paulatim
595 3527 713 3602 uritque
735 3525 860 3584 videndo
1088 3527 1141 3582 215
