<?xml version="1.0" encoding="UTF-8"?>
<!DOCTYPE html PUBLIC "-//W3C//DTD XHTML 1.0 Transitional//EN"
    "http://www.w3.org/TR/xhtml1/DTD/xhtml1-transitional.dtd">
<html xmlns="http://www.w3.org/1999/xhtml" xml:lang="en" lang="en">
 <head>
  <title>
</title>
<meta http-equiv="Content-Type" content="text/html;charset=utf-8" />
  <meta name='ocr-system' content='tesseract 3.04.00' />
  <meta name='ocr-capabilities' content='ocr_page ocr_carea ocr_par ocr_line ocrx_word'/>
</head>
<body>
  <div class='ocr_page' id='page_1' title='image "./pvergilimaronis12virggoog/pvergilimaronis12virggoog_0389.png"; bbox 0 0 2512 4096; ppageno 0'>
   <div class='ocr_carea' id='block_1_1' title="bbox 170 268 854 367">
    <p class='ocr_par' dir='ltr' id='par_1_1' title="bbox 170 268 854 367">
     <span class='ocr_line' id='line_1_1' title="bbox 170 268 854 367; baseline -0.006 -1"><span class='ocrx_word' id='word_1_1' title='bbox 170 268 248 367; x_wconf 76' lang='grc' dir='ltr'>358ι</span> <span class='ocrx_word' id='word_1_2' title='bbox 481 316 512 362; x_wconf 80' lang='lat' dir='ltr'>e.</span> <span class='ocrx_word' id='word_1_3' title='bbox 534 314 679 362; x_wconf 74' lang='grc'>1111111111</span> <span class='ocrx_word' id='word_1_4' title='bbox 700 313 854 362; x_wconf 78' lang='lat' dir='ltr'>unacum</span> 
     </span>
    </p>
   </div>
   <div class='ocr_carea' id='block_1_2' title="bbox 163 467 1191 3638">
    <p class='ocr_par' dir='ltr' id='par_1_2' title="bbox 163 467 1191 3638">
     <span class='ocr_line' id='line_1_2' title="bbox 169 467 1188 546; baseline 0.002 -15"><span class='ocrx_word' id='word_1_5' title='bbox 169 472 230 531; x_wconf 91' lang='lat' dir='ltr'>urit</span> <span class='ocrx_word' id='word_1_6' title='bbox 250 469 455 530; x_wconf 89' lang='lat' dir='ltr'>Erichthonias</span> <span class='ocrx_word' id='word_1_7' title='bbox 478 468 582 529; x_wconf 81' lang='lat' dir='ltr'><strong>Oriens</strong></span> <span class='ocrx_word' id='word_1_8' title='bbox 604 486 664 529; x_wconf 93' lang='lat' dir='ltr'>non</span> <span class='ocrx_word' id='word_1_9' title='bbox 684 467 802 546; x_wconf 86' lang='lat' dir='ltr'>ignibus</span> <span class='ocrx_word' id='word_1_10' title='bbox 824 486 915 539; x_wconf 90' lang='lat' dir='ltr'>arces,</span> <span class='ocrx_word' id='word_1_11' title='bbox 1161 479 1188 533; x_wconf 82' lang='lat' dir='ltr'>tt</span> 
     </span>
     <span class='ocr_line' id='line_1_3' title="bbox 170 550 975 633; baseline 0.002 -20"><span class='ocrx_word' id='word_1_12' title='bbox 170 571 231 613; x_wconf 93' lang='lat' dir='ltr'>non</span> <span class='ocrx_word' id='word_1_13' title='bbox 252 552 401 633; x_wconf 81' lang='lat' dir='ltr'>perfossus</span> <span class='ocrx_word' id='word_1_14' title='bbox 424 553 515 613; x_wconf 78' lang='lat' dir='ltr'>Athos</span> <span class='ocrx_word' id='word_1_15' title='bbox 536 570 592 612; x_wconf 91' lang='lat' dir='ltr'>nec</span> <span class='ocrx_word' id='word_1_16' title='bbox 613 569 720 630; x_wconf 85' lang='lat' dir='ltr'>magno</span> <span class='ocrx_word' id='word_1_17' title='bbox 741 550 856 613; x_wconf 83' lang='lat' dir='ltr'>vincula</span> <span class='ocrx_word' id='word_1_18' title='bbox 877 561 975 632; x_wconf 87' lang='lat' dir='ltr'>ponto</span> 
     </span>
     <span class='ocr_line' id='line_1_4' title="bbox 170 634 974 716; baseline 0 -19"><span class='ocrx_word' id='word_1_19' title='bbox 170 638 245 697; x_wconf 91' lang='lat' dir='ltr'>iacta</span> <span class='ocrx_word' id='word_1_20' title='bbox 266 654 334 697; x_wconf 91' lang='lat' dir='ltr'>meo</span> <span class='ocrx_word' id='word_1_21' title='bbox 355 644 497 716; x_wconf 82' lang='lat' dir='ltr'>quaerent</span> <span class='ocrx_word' id='word_1_22' title='bbox 517 636 576 696; x_wconf 92' lang='lat' dir='ltr'>iam</span> <span class='ocrx_word' id='word_1_23' title='bbox 597 653 663 696; x_wconf 90' lang='lat' dir='ltr'>sera</span> <span class='ocrx_word' id='word_1_24' title='bbox 684 634 830 696; x_wconf 86' lang='lat' dir='ltr'>volumine</span> <span class='ocrx_word' id='word_1_25' title='bbox 852 635 974 707; x_wconf 87' lang='lat' dir='ltr'>lamam,</span> 
     </span>
     <span class='ocr_line' id='line_1_5' title="bbox 170 717 930 800; baseline 0 -20"><span class='ocrx_word' id='word_1_26' title='bbox 170 738 231 780; x_wconf 93' lang='lat' dir='ltr'>non</span> <span class='ocrx_word' id='word_1_27' title='bbox 252 718 458 800; x_wconf 76' lang='lat' dir='ltr'><strong>Hellespontus</strong></span> <span class='ocrx_word' id='word_1_28' title='bbox 480 718 603 799; x_wconf 91' lang='lat' dir='ltr'>pedibus</span> <span class='ocrx_word' id='word_1_29' title='bbox 624 717 756 798; x_wconf 88' lang='lat' dir='ltr'>pulsatus</span> <span class='ocrx_word' id='word_1_30' title='bbox 777 735 930 799; x_wconf 89' lang='lat' dir='ltr'>equorum,</span> 
     </span>
     <span class='ocr_line' id='line_1_6' title="bbox 171 801 1067 883; baseline 0 -18"><span class='ocrx_word' id='word_1_31' title='bbox 171 803 294 865; x_wconf 79' lang='lat' dir='ltr'>Graecia</span> <span class='ocrx_word' id='word_1_32' title='bbox 316 820 382 864; x_wconf 91' lang='lat' dir='ltr'>cum</span> <span class='ocrx_word' id='word_1_33' title='bbox 404 805 501 863; x_wconf 80' lang='lat' dir='ltr'>timuit</span> <span class='ocrx_word' id='word_1_34' title='bbox 522 802 666 862; x_wconf 85' lang='lat' dir='ltr'>venientis</span> <span class='ocrx_word' id='word_1_35' title='bbox 691 801 821 883; x_wconf 86' lang='lat' dir='ltr'>undique</span> <span class='ocrx_word' id='word_1_36' title='bbox 841 802 962 865; x_wconf 80' lang='lat' dir='ltr'>Persas:</span> <span class='ocrx_word' id='word_1_37' title='bbox 1064 814 1067 818; x_wconf 83' lang='grc'><strong>“</strong></span> 
     </span>
     <span class='ocr_line' id='line_1_7' title="bbox 170 885 1188 948; baseline 0.001 -1"><span class='ocrx_word' id='word_1_38' title='bbox 170 885 252 947; x_wconf 92' lang='lat' dir='ltr'>molli</span> <span class='ocrx_word' id='word_1_39' title='bbox 273 887 325 947; x_wconf 90' lang='lat' dir='ltr'>sed</span> <span class='ocrx_word' id='word_1_40' title='bbox 347 887 443 948; x_wconf 91' lang='lat' dir='ltr'>tenuis</span> <span class='ocrx_word' id='word_1_41' title='bbox 464 886 626 946; x_wconf 79' lang='lat' dir='ltr'>decurrens</span> <span class='ocrx_word' id='word_1_42' title='bbox 647 886 777 947; x_wconf 85' lang='lat' dir='ltr'>carmine</span> <span class='ocrx_word' id='word_1_43' title='bbox 798 904 900 947; x_wconf 81' lang='lat' dir='ltr'>versus</span> <span class='ocrx_word' id='word_1_44' title='bbox 1161 895 1188 948; x_wconf 82' lang='lat' dir='ltr'>tt</span> 
     </span>
     <span class='ocr_line' id='line_1_8' title="bbox 170 967 947 1051; baseline -0.001 -20"><span class='ocrx_word' id='word_1_45' title='bbox 170 971 281 1032; x_wconf 86' lang='lat' dir='ltr'>viribus</span> <span class='ocrx_word' id='word_1_46' title='bbox 300 978 368 1051; x_wconf 91' lang='lat' dir='ltr'>apta</span> <span class='ocrx_word' id='word_1_47' title='bbox 389 971 449 1031; x_wconf 90' lang='lat' dir='ltr'>suls</span> <span class='ocrx_word' id='word_1_48' title='bbox 469 967 590 1031; x_wconf 89' lang='lat' dir='ltr'>Pboebo</span> <span class='ocrx_word' id='word_1_49' title='bbox 612 969 686 1031; x_wconf 91' lang='lat' dir='ltr'>duce</span> <span class='ocrx_word' id='word_1_50' title='bbox 707 967 809 1031; x_wconf 89' lang='lat' dir='ltr'>ludere</span> <span class='ocrx_word' id='word_1_51' title='bbox 830 970 947 1048; x_wconf 75' lang='lat' dir='ltr'>gaudet.</span> 
     </span>
     <span class='ocr_line' id='line_1_9' title="bbox 170 1052 1054 1132; baseline 0.005 -18"><span class='ocrx_word' id='word_1_52' title='bbox 170 1055 227 1115; x_wconf 91' lang='lat' dir='ltr'>boc</span> <span class='ocrx_word' id='word_1_53' title='bbox 248 1060 295 1124; x_wconf 90' lang='lat' dir='ltr'>tu,</span> <span class='ocrx_word' id='word_1_54' title='bbox 318 1061 418 1114; x_wconf 91' lang='lat' dir='ltr'>sancte</span> <span class='ocrx_word' id='word_1_55' title='bbox 439 1070 528 1132; x_wconf 87' lang='lat' dir='ltr'>puer,</span> <span class='ocrx_word' id='word_1_56' title='bbox 550 1053 778 1124; x_wconf 86' lang='lat' dir='ltr'>memoraberis,</span> <span class='ocrx_word' id='word_1_57' title='bbox 801 1060 831 1114; x_wconf 91' lang='lat' dir='ltr'>et</span> <span class='ocrx_word' id='word_1_58' title='bbox 851 1052 905 1114; x_wconf 89' lang='lat' dir='ltr'>tibi</span> <span class='ocrx_word' id='word_1_59' title='bbox 927 1062 1054 1118; x_wconf 81' lang='lat' dir='ltr'>crescet</span> 
     </span>
     <span class='ocr_line' id='line_1_10' title="bbox 170 1135 979 1217; baseline 0.001 -20"><span class='ocrx_word' id='word_1_60' title='bbox 170 1137 263 1216; x_wconf 75' lang='lat' dir='ltr'>gloria</span> <span class='ocrx_word' id='word_1_61' title='bbox 285 1145 461 1217; x_wconf 91' lang='lat' dir='ltr'>perpetuum</span> <span class='ocrx_word' id='word_1_62' title='bbox 482 1135 598 1209; x_wconf 87' lang='lat' dir='ltr'>lucens,</span> <span class='ocrx_word' id='word_1_63' title='bbox 621 1155 759 1197; x_wconf 89' lang='lat' dir='ltr'>mansura</span> <span class='ocrx_word' id='word_1_64' title='bbox 780 1156 835 1217; x_wconf 93' lang='lat' dir='ltr'>per</span> <span class='ocrx_word' id='word_1_65' title='bbox 857 1155 979 1207; x_wconf 76' lang='lat' dir='ltr'>aevum:</span> 
     </span>
     <span class='ocr_line' id='line_1_11' title="bbox 171 1219 925 1301; baseline -0.001 -19"><span class='ocrx_word' id='word_1_66' title='bbox 171 1228 200 1282; x_wconf 92' lang='lat' dir='ltr'>et</span> <span class='ocrx_word' id='word_1_67' title='bbox 220 1220 276 1282; x_wconf 89' lang='lat' dir='ltr'>tibi</span> <span class='ocrx_word' id='word_1_68' title='bbox 296 1221 366 1281; x_wconf 91' lang='lat' dir='ltr'>sede</span> <span class='ocrx_word' id='word_1_69' title='bbox 387 1223 436 1301; x_wconf 88' lang='lat' dir='ltr'>pla</span> <span class='ocrx_word' id='word_1_70' title='bbox 456 1227 574 1281; x_wconf 83' lang='lat' dir='ltr'>maneat</span> <span class='ocrx_word' id='word_1_71' title='bbox 594 1219 676 1282; x_wconf 91' lang='lat' dir='ltr'>locus</span> <span class='ocrx_word' id='word_1_72' title='bbox 698 1227 728 1281; x_wconf 91' lang='lat' dir='ltr'>et</span> <span class='ocrx_word' id='word_1_73' title='bbox 748 1219 802 1281; x_wconf 88' lang='lat' dir='ltr'>tibl</span> <span class='ocrx_word' id='word_1_74' title='bbox 823 1239 925 1300; x_wconf 91' lang='lat' dir='ltr'>sospes</span> 
     </span>
     <span class='ocr_line' id='line_1_12' title="bbox 170 1303 1191 1384; baseline -0.001 -19"><span class='ocrx_word' id='word_1_75' title='bbox 170 1304 269 1365; x_wconf 91' lang='lat' dir='ltr'>debita</span> <span class='ocrx_word' id='word_1_76' title='bbox 291 1303 387 1364; x_wconf 81' lang='lat' dir='ltr'>felicis</span> <span class='ocrx_word' id='word_1_77' title='bbox 414 1311 586 1366; x_wconf 87' lang='lat' dir='ltr'>numeretur</span> <span class='ocrx_word' id='word_1_78' title='bbox 607 1306 665 1365; x_wconf 89' lang='lat' dir='ltr'>vita</span> <span class='ocrx_word' id='word_1_79' title='bbox 685 1322 740 1384; x_wconf 90' lang='lat' dir='ltr'>per</span> <span class='ocrx_word' id='word_1_80' title='bbox 762 1322 861 1375; x_wconf 90' lang='lat' dir='ltr'>annos,</span> <span class='ocrx_word' id='word_1_81' title='bbox 1162 1313 1191 1364; x_wconf 83' lang='lat' dir='ltr'>to</span> 
     </span>
     <span class='ocr_line' id='line_1_13' title="bbox 170 1385 1008 1468; baseline 0.004 -20"><span class='ocrx_word' id='word_1_82' title='bbox 170 1395 267 1467; x_wconf 83' lang='lat' dir='ltr'>grata,</span> <span class='ocrx_word' id='word_1_83' title='bbox 289 1386 375 1448; x_wconf 91' lang='lat' dir='ltr'>bonis</span> <span class='ocrx_word' id='word_1_84' title='bbox 396 1385 507 1450; x_wconf 88' lang='lat' dir='ltr'>lucens.</span> <span class='ocrx_word' id='word_1_85' title='bbox 530 1388 581 1448; x_wconf 91' lang='lat' dir='ltr'>sed</span> <span class='ocrx_word' id='word_1_86' title='bbox 604 1406 657 1451; x_wconf 92' lang='lat' dir='ltr'>nos</span> <span class='ocrx_word' id='word_1_87' title='bbox 679 1388 715 1448; x_wconf 90' lang='lat' dir='ltr'>ad</span> <span class='ocrx_word' id='word_1_88' title='bbox 738 1395 840 1468; x_wconf 91' lang='lat' dir='ltr'>coepta</span> <span class='ocrx_word' id='word_1_89' title='bbox 862 1387 1008 1451; x_wconf 77' lang='lat' dir='ltr'>ieramus.</span> 
     </span>
     <span class='ocr_line' id='line_1_14' title="bbox 211 1471 983 1552; baseline 0.003 -21"><span class='ocrx_word' id='word_1_90' title='bbox 211 1472 318 1548; x_wconf 86' lang='lat' dir='ltr'>lgneus</span> <span class='ocrx_word' id='word_1_91' title='bbox 339 1471 485 1532; x_wconf 89' lang='lat' dir='ltr'>aetherias</span> <span class='ocrx_word' id='word_1_92' title='bbox 506 1472 564 1532; x_wconf 90' lang='lat' dir='ltr'>iam</span> <span class='ocrx_word' id='word_1_93' title='bbox 586 1471 630 1532; x_wconf 91' lang='lat' dir='ltr'>sol</span> <span class='ocrx_word' id='word_1_94' title='bbox 651 1479 821 1552; x_wconf 90' lang='lat' dir='ltr'>penetrarat</span> <span class='ocrx_word' id='word_1_95' title='bbox 841 1473 873 1532; x_wconf 92' lang='lat' dir='ltr'>in</span> <span class='ocrx_word' id='word_1_96' title='bbox 894 1488 983 1533; x_wconf 83' lang='lat' dir='ltr'>arces</span> 
     </span>
     <span class='ocr_line' id='line_1_15' title="bbox 170 1553 897 1635; baseline 0 -19"><span class='ocrx_word' id='word_1_97' title='bbox 170 1553 352 1633; x_wconf 91' lang='lat' dir='ltr'>candidaque</span> <span class='ocrx_word' id='word_1_98' title='bbox 373 1562 475 1616; x_wconf 89' lang='lat' dir='ltr'>aurato</span> <span class='ocrx_word' id='word_1_99' title='bbox 497 1555 647 1635; x_wconf 91' lang='lat' dir='ltr'>quatiebat</span> <span class='ocrx_word' id='word_1_100' title='bbox 667 1553 777 1617; x_wconf 92' lang='lat' dir='ltr'>lumina</span> <span class='ocrx_word' id='word_1_101' title='bbox 799 1573 897 1626; x_wconf 85' lang='lat' dir='ltr'>curru,</span> 
     </span>
     <span class='ocr_line' id='line_1_16' title="bbox 170 1636 911 1719; baseline 0.001 -21"><span class='ocrx_word' id='word_1_102' title='bbox 170 1636 301 1698; x_wconf 86' lang='lat' dir='ltr'>crinibus</span> <span class='ocrx_word' id='word_1_103' title='bbox 324 1645 352 1697; x_wconf 91' lang='lat' dir='ltr'>et</span> <span class='ocrx_word' id='word_1_104' title='bbox 373 1639 466 1698; x_wconf 88' lang='lat' dir='ltr'>roseis</span> <span class='ocrx_word' id='word_1_105' title='bbox 487 1638 625 1700; x_wconf 88' lang='lat' dir='ltr'>tenebras</span> <span class='ocrx_word' id='word_1_106' title='bbox 646 1639 759 1700; x_wconf 77' lang='lat' dir='ltr'>Aurora</span> <span class='ocrx_word' id='word_1_107' title='bbox 780 1639 911 1719; x_wconf 83' lang='lat' dir='ltr'>iugarat:¹</span> 
     </span>
     <span class='ocr_line' id='line_1_17' title="bbox 168 1718 902 1803; baseline 0.003 -23"><span class='ocrx_word' id='word_1_108' title='bbox 168 1718 300 1802; x_wconf 86' lang='lat' dir='ltr'>propulit</span> <span class='ocrx_word' id='word_1_109' title='bbox 321 1739 338 1781; x_wconf 92' lang='lat' dir='ltr'>e</span> <span class='ocrx_word' id='word_1_110' title='bbox 359 1720 479 1781; x_wconf 90' lang='lat' dir='ltr'>stabulis</span> <span class='ocrx_word' id='word_1_111' title='bbox 500 1720 537 1781; x_wconf 91' lang='lat' dir='ltr'>ad</span> <span class='ocrx_word' id='word_1_112' title='bbox 558 1721 665 1802; x_wconf 93' lang='lat' dir='ltr'>pabula</span> <span class='ocrx_word' id='word_1_113' title='bbox 686 1730 755 1784; x_wconf 92' lang='lat' dir='ltr'>nota</span> <span class='ocrx_word' id='word_1_114' title='bbox 776 1721 902 1803; x_wconf 91' lang='lat' dir='ltr'>capellas</span> 
     </span>
     <span class='ocr_line' id='line_1_18' title="bbox 168 1803 936 1887; baseline 0.004 -22"><span class='ocrx_word' id='word_1_115' title='bbox 168 1811 269 1885; x_wconf 90' lang='lat' dir='ltr'>pastor</span> <span class='ocrx_word' id='word_1_116' title='bbox 292 1813 321 1864; x_wconf 92' lang='lat' dir='ltr'>et</span> <span class='ocrx_word' id='word_1_117' title='bbox 343 1803 450 1865; x_wconf 83' lang='lat' dir='ltr'>excelsi</span> <span class='ocrx_word' id='word_1_118' title='bbox 471 1806 579 1865; x_wconf 89' lang='lat' dir='ltr'>montis</span> <span class='ocrx_word' id='word_1_119' title='bbox 601 1807 668 1884; x_wconf 75' lang='lat' dir='ltr'>iuga</span> <span class='ocrx_word' id='word_1_120' title='bbox 690 1824 804 1868; x_wconf 92' lang='lat' dir='ltr'>summa</span> <span class='ocrx_word' id='word_1_121' title='bbox 825 1808 936 1887; x_wconf 83' lang='lat' dir='ltr'>petivit,</span> 
     </span>
     <span class='ocr_line' id='line_1_19' title="bbox 168 1887 921 1968; baseline 0.003 -19"><span class='ocrx_word' id='word_1_122' title='bbox 168 1888 272 1950; x_wconf 90' lang='lat' dir='ltr'>llorlda</span> <span class='ocrx_word' id='word_1_123' title='bbox 295 1907 352 1968; x_wconf 90' lang='lat' dir='ltr'>qua</span> <span class='ocrx_word' id='word_1_124' title='bbox 374 1887 489 1968; x_wconf 91' lang='lat' dir='ltr'>patulos</span> <span class='ocrx_word' id='word_1_125' title='bbox 510 1887 646 1950; x_wconf 87' lang='lat' dir='ltr'>velabant</span> <span class='ocrx_word' id='word_1_126' title='bbox 667 1891 799 1968; x_wconf 82' lang='lat' dir='ltr'>gramina</span> <span class='ocrx_word' id='word_1_127' title='bbox 822 1889 921 1952; x_wconf 90' lang='lat' dir='ltr'>colles.</span> 
     </span>
     <span class='ocr_line' id='line_1_20' title="bbox 168 1971 996 2053; baseline 0.006 -21"><span class='ocrx_word' id='word_1_128' title='bbox 168 1974 227 2034; x_wconf 91' lang='lat' dir='ltr'>iam</span> <span class='ocrx_word' id='word_1_129' title='bbox 250 1972 329 2033; x_wconf 89' lang='lat' dir='ltr'>silvis</span> <span class='ocrx_word' id='word_1_130' title='bbox 351 1973 505 2053; x_wconf 87' lang='lat' dir='ltr'>dumisque</span> <span class='ocrx_word' id='word_1_131' title='bbox 526 1990 632 2053; x_wconf 79' lang='lat' dir='ltr'>vagae,</span> <span class='ocrx_word' id='word_1_132' title='bbox 654 1975 713 2034; x_wconf 92' lang='lat' dir='ltr'>lam</span> <span class='ocrx_word' id='word_1_133' title='bbox 735 1971 858 2052; x_wconf 88' lang='lat' dir='ltr'>vallibus</span> <span class='ocrx_word' id='word_1_134' title='bbox 880 1972 996 2037; x_wconf 86' lang='lat' dir='ltr'>abdunt</span> 
     </span>
     <span class='ocr_line' id='line_1_21' title="bbox 172 2057 988 2137; baseline 0.005 -22"><span class='ocrx_word' id='word_1_135' title='bbox 172 2073 309 2136; x_wconf 86' lang='lat' dir='ltr'>corpora,</span> <span class='ocrx_word' id='word_1_136' title='bbox 332 2057 449 2137; x_wconf 90' lang='lat' dir='ltr'>iamque</span> <span class='ocrx_word' id='word_1_137' title='bbox 470 2059 551 2119; x_wconf 92' lang='lat' dir='ltr'>omni</span> <span class='ocrx_word' id='word_1_138' title='bbox 573 2057 684 2118; x_wconf 87' lang='lat' dir='ltr'>c&#39;eleres</span> <span class='ocrx_word' id='word_1_139' title='bbox 706 2064 824 2137; x_wconf 90' lang='lat' dir='ltr'>eparte</span> <span class='ocrx_word' id='word_1_140' title='bbox 845 2064 988 2136; x_wconf 81' lang='lat' dir='ltr'>vagantes</span> 
     </span>
     <span class='ocr_line' id='line_1_22' title="bbox 169 2139 902 2221; baseline 0.001 -22"><span class='ocrx_word' id='word_1_141' title='bbox 169 2157 296 2218; x_wconf 84' lang='lat' dir='ltr'>scrupea</span> <span class='ocrx_word' id='word_1_142' title='bbox 318 2139 452 2201; x_wconf 88' lang='lat' dir='ltr'>desertae</span> <span class='ocrx_word' id='word_1_143' title='bbox 477 2149 637 2220; x_wconf 87' lang='lat' dir='ltr'>surrepunt</span> <span class='ocrx_word' id='word_1_144' title='bbox 658 2139 695 2201; x_wconf 94' lang='lat' dir='ltr'>ad</span> <span class='ocrx_word' id='word_1_145' title='bbox 717 2158 785 2201; x_wconf 84' lang='lat' dir='ltr'>cava</span> <span class='ocrx_word' id='word_1_146' title='bbox 806 2142 902 2221; x_wconf 91' lang='lat' dir='ltr'>rupis:</span> 
     </span>
     <span class='ocr_line' id='line_1_23' title="bbox 168 2223 914 2303; baseline 0.003 -20"><span class='ocrx_word' id='word_1_147' title='bbox 168 2223 328 2285; x_wconf 90' lang='lat' dir='ltr'>tondentur</span> <span class='ocrx_word' id='word_1_148' title='bbox 350 2231 452 2285; x_wconf 88' lang='lat' dir='ltr'>tenero</span> <span class='ocrx_word' id='word_1_149' title='bbox 474 2225 627 2286; x_wconf 87' lang='lat' dir='ltr'>viridantia</span> <span class='ocrx_word' id='word_1_150' title='bbox 649 2227 780 2303; x_wconf 82' lang='lat' dir='ltr'>gramina</span> <span class='ocrx_word' id='word_1_151' title='bbox 801 2243 914 2297; x_wconf 90' lang='lat' dir='ltr'>morsu,</span> 
     </span>
     <span class='ocr_line' id='line_1_24' title="bbox 168 2305 925 2388; baseline 0.004 -22"><span class='ocrx_word' id='word_1_152' title='bbox 168 2305 296 2386; x_wconf 91' lang='lat' dir='ltr'>pendula</span> <span class='ocrx_word' id='word_1_153' title='bbox 317 2309 456 2388; x_wconf 91' lang='lat' dir='ltr'>proiectis</span> <span class='ocrx_word' id='word_1_154' title='bbox 477 2316 638 2388; x_wconf 90' lang='lat' dir='ltr'>carpuntur</span> <span class='ocrx_word' id='word_1_155' title='bbox 659 2315 689 2368; x_wconf 89' lang='lat' dir='ltr'>et</span> <span class='ocrx_word' id='word_1_156' title='bbox 709 2307 813 2369; x_wconf 79' lang='lat' dir='ltr'>arbuto</span> <span class='ocrx_word' id='word_1_157' title='bbox 834 2309 925 2369; x_wconf 88' lang='lat' dir='ltr'>ramis</span> 
     </span>
     <span class='ocr_line' id='line_1_25' title="bbox 169 2389 900 2471; baseline 0.004 -21"><span class='ocrx_word' id='word_1_158' title='bbox 169 2389 317 2469; x_wconf 89' lang='lat' dir='ltr'>densaque</span> <span class='ocrx_word' id='word_1_159' title='bbox 337 2389 470 2470; x_wconf 82' lang='lat' dir='ltr'>virgultis</span> <span class='ocrx_word' id='word_1_160' title='bbox 491 2392 573 2453; x_wconf 87' lang='lat' dir='ltr'>avide</span> <span class='ocrx_word' id='word_1_161' title='bbox 595 2390 729 2453; x_wconf 84' lang='lat' dir='ltr'>labrusca</span> <span class='ocrx_word' id='word_1_162' title='bbox 750 2399 900 2471; x_wconf 91' lang='lat' dir='ltr'>petuntur.</span> 
     </span>
     <span class='ocr_line' id='line_1_26' title="bbox 167 2472 952 2556; baseline 0.005 -24"><span class='ocrx_word' id='word_1_163' title='bbox 167 2472 241 2533; x_wconf 89' lang='lat' dir='ltr'>baec</span> <span class='ocrx_word' id='word_1_164' title='bbox 263 2491 404 2553; x_wconf 91' lang='lat' dir='ltr'>suspensa</span> <span class='ocrx_word' id='word_1_165' title='bbox 418 2477 495 2556; x_wconf 91' lang='lat' dir='ltr'>rapit</span> <span class='ocrx_word' id='word_1_166' title='bbox 517 2482 656 2555; x_wconf 84' lang='lat' dir='ltr'>carpente</span> <span class='ocrx_word' id='word_1_167' title='bbox 678 2476 828 2536; x_wconf 90' lang='lat' dir='ltr'>cacumina</span> <span class='ocrx_word' id='word_1_168' title='bbox 851 2493 952 2537; x_wconf 91' lang='lat' dir='ltr'>morsu</span> 
     </span>
     <span class='ocr_line' id='line_1_27' title="bbox 167 2554 1038 2638; baseline 0.003 -23"><span class='ocrx_word' id='word_1_169' title='bbox 167 2555 213 2615; x_wconf 87' lang='lat' dir='ltr'>vel</span> <span class='ocrx_word' id='word_1_170' title='bbox 234 2555 448 2622; x_wconf 84' lang='lat' dir='ltr'>salicislentae</span> <span class='ocrx_word' id='word_1_171' title='bbox 469 2557 514 2618; x_wconf 88' lang='lat' dir='ltr'>rel</span> <span class='ocrx_word' id='word_1_172' title='bbox 535 2576 610 2638; x_wconf 90' lang='lat' dir='ltr'>qnae</span> <span class='ocrx_word' id='word_1_173' title='bbox 625 2575 698 2618; x_wconf 86' lang='lat' dir='ltr'>nova</span> <span class='ocrx_word' id='word_1_174' title='bbox 720 2560 850 2620; x_wconf 90' lang='lat' dir='ltr'>nascitur</span> <span class='ocrx_word' id='word_1_175' title='bbox 872 2558 965 2630; x_wconf 85' lang='lat' dir='ltr'>alnus,</span> <span class='ocrx_word' id='word_1_176' title='bbox 1034 2554 1038 2560; x_wconf 77' lang='grc'><strong>’</strong></span> 
     </span>
     <span class='ocr_line' id='line_1_28' title="bbox 166 2639 942 2713; baseline 0.004 -14"><span class='ocrx_word' id='word_1_177' title='bbox 166 2639 240 2700; x_wconf 90' lang='lat' dir='ltr'>baec</span> <span class='ocrx_word' id='word_1_178' title='bbox 261 2648 380 2701; x_wconf 90' lang='lat' dir='ltr'>teneras</span> <span class='ocrx_word' id='word_1_179' title='bbox 401 2641 539 2702; x_wconf 74' lang='lat' dir='ltr'>fruticum</span> <span class='ocrx_word' id='word_1_180' title='bbox 562 2649 660 2703; x_wconf 90' lang='lat' dir='ltr'>sentes</span> <span class='ocrx_word' id='word_1_181' title='bbox 680 2642 818 2713; x_wconf 88' lang='lat' dir='ltr'>rimatur,</span> <span class='ocrx_word' id='word_1_182' title='bbox 842 2649 871 2703; x_wconf 91' lang='lat' dir='ltr'>at</span> <span class='ocrx_word' id='word_1_183' title='bbox 892 2640 942 2702; x_wconf 91' lang='lat' dir='ltr'>illa</span> 
     </span>
     <span class='ocr_line' id='line_1_29' title="bbox 166 2723 892 2804; baseline 0.006 -22"><span class='ocrx_word' id='word_1_184' title='bbox 166 2723 301 2783; x_wconf 90' lang='lat' dir='ltr'>imminet</span> <span class='ocrx_word' id='word_1_185' title='bbox 322 2725 432 2801; x_wconf 77' lang='lat' dir='ltr'>inrigui</span> <span class='ocrx_word' id='word_1_186' title='bbox 453 2725 615 2804; x_wconf 87' lang='lat' dir='ltr'>praestanti</span> <span class='ocrx_word' id='word_1_187' title='bbox 636 2724 778 2802; x_wconf 82' lang='lat' dir='ltr'>marginis</span> <span class='ocrx_word' id='word_1_188' title='bbox 799 2724 892 2786; x_wconf 87' lang='lat' dir='ltr'>ulvae.</span> 
     </span>
     <span class='ocr_line' id='line_1_30' title="bbox 167 2803 1181 2888; baseline 0.004 -24"><span class='ocrx_word' id='word_1_189' title='bbox 167 2803 274 2866; x_wconf 91' lang='lat' dir='ltr'>talibus</span> <span class='ocrx_word' id='word_1_190' title='bbox 295 2807 326 2865; x_wconf 93' lang='lat' dir='ltr'>in</span> <span class='ocrx_word' id='word_1_191' title='bbox 349 2806 452 2868; x_wconf 91' lang='lat' dir='ltr'>studiis</span> <span class='ocrx_word' id='word_1_192' title='bbox 474 2806 578 2869; x_wconf 92' lang='lat' dir='ltr'>baculo</span> <span class='ocrx_word' id='word_1_193' title='bbox 601 2806 671 2867; x_wconf 92' lang='lat' dir='ltr'>dum</span> <span class='ocrx_word' id='word_1_194' title='bbox 692 2808 778 2869; x_wconf 82' lang='lat' dir='ltr'>nixus</span> <span class='ocrx_word' id='word_1_195' title='bbox 800 2810 915 2888; x_wconf 89' lang='lat' dir='ltr'>apricas</span> <span class='ocrx_word' id='word_1_196' title='bbox 1149 2817 1181 2871; x_wconf 80' lang='lat'>98</span> 
     </span>
     <span class='ocr_line' id='line_1_31' title="bbox 166 2890 897 2968; baseline 0.005 -20"><span class='ocrx_word' id='word_1_197' title='bbox 166 2894 267 2967; x_wconf 90' lang='lat' dir='ltr'>pastor</span> <span class='ocrx_word' id='word_1_198' title='bbox 289 2890 349 2968; x_wconf 79' lang='lat' dir='ltr'>agit</span> <span class='ocrx_word' id='word_1_199' title='bbox 370 2908 456 2952; x_wconf 93' lang='lat' dir='ltr'>curas</span> <span class='ocrx_word' id='word_1_200' title='bbox 478 2898 508 2952; x_wconf 89' lang='lat' dir='ltr'>et</span> <span class='ocrx_word' id='word_1_201' title='bbox 529 2892 599 2952; x_wconf 90' lang='lat' dir='ltr'>dum</span> <span class='ocrx_word' id='word_1_202' title='bbox 621 2908 680 2951; x_wconf 92' lang='lat' dir='ltr'>non</span> <span class='ocrx_word' id='word_1_203' title='bbox 703 2899 766 2952; x_wconf 90' lang='lat' dir='ltr'>arte</span> <span class='ocrx_word' id='word_1_204' title='bbox 789 2909 897 2952; x_wconf 91' lang='lat' dir='ltr'>canora</span> 
     </span>
     <span class='ocr_line' id='line_1_32' title="bbox 167 2972 1181 3051; baseline 0.005 -19"><span class='ocrx_word' id='word_1_205' title='bbox 167 2979 319 3051; x_wconf 87' lang='lat' dir='ltr'>compacta</span> <span class='ocrx_word' id='word_1_206' title='bbox 340 2972 457 3035; x_wconf 88' lang='lat' dir='ltr'>solitum</span> <span class='ocrx_word' id='word_1_207' title='bbox 479 2974 645 3036; x_wconf 89' lang='lat' dir='ltr'>modulatur</span> <span class='ocrx_word' id='word_1_208' title='bbox 667 2974 810 3036; x_wconf 90' lang='lat' dir='ltr'>arundine</span> <span class='ocrx_word' id='word_1_209' title='bbox 833 2992 968 3036; x_wconf 86' lang='lat' dir='ltr'>carmen:</span> <span class='ocrx_word' id='word_1_210' title='bbox 1136 2984 1181 3037; x_wconf 86' lang='lat'>100</span> 
     </span>
     <span class='ocr_line' id='line_1_33' title="bbox 165 3056 857 3139; baseline 0.006 -24"><span class='ocrx_word' id='word_1_211' title='bbox 165 3056 261 3117; x_wconf 90' lang='lat' dir='ltr'>tendit</span> <span class='ocrx_word' id='word_1_212' title='bbox 280 3058 430 3118; x_wconf 88' lang='lat' dir='ltr'>inevectus</span> <span class='ocrx_word' id='word_1_213' title='bbox 451 3059 549 3120; x_wconf 91' lang='lat' dir='ltr'>radios</span> <span class='ocrx_word' id='word_1_214' title='bbox 571 3059 745 3139; x_wconf 84' lang='lat' dir='ltr'>Hyperionis</span> <span class='ocrx_word' id='word_1_215' title='bbox 768 3059 857 3120; x_wconf 91' lang='lat' dir='ltr'>ardor</span> 
     </span>
     <span class='ocr_line' id='line_1_34' title="bbox 165 3137 945 3223; baseline 0.008 -27"><span class='ocrx_word' id='word_1_216' title='bbox 165 3137 320 3219; x_wconf 88' lang='lat' dir='ltr'>lucidaque</span> <span class='ocrx_word' id='word_1_217' title='bbox 342 3141 472 3203; x_wconf 83' lang='lat' dir='ltr'>aetherio</span> <span class='ocrx_word' id='word_1_218' title='bbox 494 3143 577 3223; x_wconf 92' lang='lat' dir='ltr'>ponit</span> <span class='ocrx_word' id='word_1_219' title='bbox 599 3142 766 3203; x_wconf 90' lang='lat' dir='ltr'>discrimina</span> <span class='ocrx_word' id='word_1_220' title='bbox 788 3141 908 3211; x_wconf 88' lang='lat' dir='ltr'>mundo,</span> <span class='ocrx_word' id='word_1_221' title='bbox 941 3155 945 3161; x_wconf 83' lang='lat'><em>·</em></span> 
     </span>
     <span class='ocr_line' id='line_1_35' title="bbox 164 3222 1182 3305; baseline 0.002 -23"><span class='ocrx_word' id='word_1_222' title='bbox 164 3223 216 3299; x_wconf 91' lang='lat' dir='ltr'>qui</span> <span class='ocrx_word' id='word_1_223' title='bbox 244 3223 313 3284; x_wconf 89' lang='lat' dir='ltr'>iaclt</span> <span class='ocrx_word' id='word_1_224' title='bbox 348 3222 495 3286; x_wconf 88' lang='lat' dir='ltr'>Oceanum</span> <span class='ocrx_word' id='word_1_225' title='bbox 517 3226 702 3288; x_wconf 84' lang='lat' dir='ltr'>flammasin</span> <span class='ocrx_word' id='word_1_226' title='bbox 724 3234 881 3304; x_wconf 90' lang='lat' dir='ltr'>utrumque</span> <span class='ocrx_word' id='word_1_227' title='bbox 901 3241 1039 3305; x_wconf 86' lang='lat' dir='ltr'>rapaces.</span> <span class='ocrx_word' id='word_1_228' title='bbox 1136 3232 1182 3286; x_wconf 83' lang='lat' dir='ltr'>tot</span> 
     </span>
     <span class='ocr_line' id='line_1_36' title="bbox 208 3303 1181 3389; baseline 0.001 -25"><span class='ocrx_word' id='word_1_229' title='bbox 208 3303 232 3364; x_wconf 91' lang='lat'>0</span> <span class='ocrx_word' id='word_1_230' title='bbox 253 3304 331 3366; x_wconf 90' lang='lat' dir='ltr'>bona</span> <span class='ocrx_word' id='word_1_231' title='bbox 352 3312 478 3385; x_wconf 92' lang='lat' dir='ltr'>pastoris</span> <span class='ocrx_word' id='word_1_232' title='bbox 501 3307 601 3388; x_wconf 90' lang='lat' dir='ltr'>(siquis</span> <span class='ocrx_word' id='word_1_233' title='bbox 624 3326 684 3369; x_wconf 91' lang='lat' dir='ltr'>non</span> <span class='ocrx_word' id='word_1_234' title='bbox 704 3311 844 3389; x_wconf 91' lang='lat' dir='ltr'>pauperis</span> <span class='ocrx_word' id='word_1_235' title='bbox 865 3325 953 3370; x_wconf 87' lang='lat' dir='ltr'>usum</span> <span class='ocrx_word' id='word_1_236' title='bbox 1149 3314 1181 3366; x_wconf 80' lang='grc'>158</span> 
     </span>
     <span class='ocr_line' id='line_1_37' title="bbox 163 3389 899 3471; baseline 0.008 -25"><span class='ocrx_word' id='word_1_237' title='bbox 163 3397 263 3448; x_wconf 91' lang='lat' dir='ltr'>mente</span> <span class='ocrx_word' id='word_1_238' title='bbox 285 3391 382 3450; x_wconf 91' lang='lat' dir='ltr'>minus</span> <span class='ocrx_word' id='word_1_239' title='bbox 404 3391 489 3453; x_wconf 91' lang='lat' dir='ltr'>docta</span> <span class='ocrx_word' id='word_1_240' title='bbox 512 3390 641 3452; x_wconf 80' lang='lat' dir='ltr'>fastidiat</span> <span class='ocrx_word' id='word_1_241' title='bbox 663 3399 692 3452; x_wconf 91' lang='lat' dir='ltr'>et</span> <span class='ocrx_word' id='word_1_242' title='bbox 711 3391 819 3471; x_wconf 91' lang='lat' dir='ltr'>probet</span> <span class='ocrx_word' id='word_1_243' title='bbox 840 3389 899 3452; x_wconf 89' lang='lat' dir='ltr'>illis</span> 
     </span>
     <span class='ocr_line' id='line_1_38' title="bbox 163 3471 1182 3554; baseline 0.005 -25"><span class='ocrx_word' id='word_1_244' title='bbox 163 3472 276 3532; x_wconf 91' lang='lat' dir='ltr'>somnia</span> <span class='ocrx_word' id='word_1_245' title='bbox 297 3471 430 3534; x_wconf 88' lang='lat' dir='ltr'>luxuriae</span> <span class='ocrx_word' id='word_1_246' title='bbox 451 3472 583 3554; x_wconf 87' lang='lat' dir='ltr'>spretis),</span> <span class='ocrx_word' id='word_1_247' title='bbox 606 3476 755 3553; x_wconf 82' lang='lat' dir='ltr'>incognita</span> <span class='ocrx_word' id='word_1_248' title='bbox 777 3477 865 3545; x_wconf 89' lang='lat' dir='ltr'>curis,</span> <span class='ocrx_word' id='word_1_249' title='bbox 1148 3481 1182 3534; x_wconf 81' lang='lat' dir='ltr'>ot</span> 
     </span>
     <span class='ocr_line' id='line_1_39' title="bbox 163 3553 943 3638; baseline 0.003 -25"><span class='ocrx_word' id='word_1_250' title='bbox 163 3571 237 3632; x_wconf 91' lang='lat' dir='ltr'>quae</span> <span class='ocrx_word' id='word_1_251' title='bbox 258 3553 390 3617; x_wconf 91' lang='lat' dir='ltr'>lacerant</span> <span class='ocrx_word' id='word_1_252' title='bbox 411 3557 508 3619; x_wconf 80' lang='lat' dir='ltr'>aridas</span> <span class='ocrx_word' id='word_1_253' title='bbox 528 3559 647 3619; x_wconf 90' lang='lat' dir='ltr'>inimico</span> <span class='ocrx_word' id='word_1_254' title='bbox 669 3564 790 3638; x_wconf 85' lang='lat' dir='ltr'>pectore</span> <span class='ocrx_word' id='word_1_255' title='bbox 811 3553 943 3618; x_wconf 83' lang='lat' dir='ltr'>mentes!</span> 
     </span>
    </p>
   </div>
   <div class='ocr_carea' id='block_1_3' title="bbox 0 0 1260 4096">
    <p class='ocr_par' dir='ltr' id='par_1_3' title="bbox 0 0 1260 4096">
     <span class='ocr_line' id='line_1_40' title="bbox 0 0 1260 4096; baseline 0 2"><span class='ocrx_word' id='word_1_256' title='bbox 0 0 1260 4096; x_wconf 95' lang='lat' dir='ltr'> </span> 
     </span>
    </p>
   </div>
  </div>
 </body>
</html>
