2512 4096
462 290 605 337 vnncrnr
619 290 745 338 sunnis
764 290 802 338 xr
1074 277 1134 338 315

127 446 318 525 praecipiant,
339 462 394 504 nos
417 462 485 506 aera
507 463 612 507 manus
632 445 744 506 navalia
765 444 877 504 demus.

127 537 282 608 praeterea
304 530 354 606 qui
375 528 451 590 dicta
471 528 568 590 lerant
589 537 620 590 et
640 528 760 590 foedera
781 528 898 588 firment
1086 535 1136 586 350

128 621 247 674 centum
269 619 401 673 oratores
420 613 516 692 prima
535 613 571 674 de
592 621 679 690 gente
701 611 820 673 Latinos

128 699 171 757 tro
192 694 289 775 placet
308 697 448 774 pacisque
465 713 554 757 manu
574 695 768 775 praetendere
789 712 898 765 ramos,

126 797 250 841 munera
270 781 414 859 portentis
435 781 559 858 aurique
579 779 736 860 eborisque
755 777 863 842 talenta

126 871 155 924 et
175 861 276 925 sellam
296 863 381 942 regni
402 862 594 942 trabeamque
613 864 738 942 insignia
754 864 857 923 nostri.

126 944 269 1008 consulite
288 948 319 1007 in
338 946 468 1009 medium
489 953 519 1007 et
537 946 630 1008 rebus
651 947 816 1009 succurrite
837 945 942 1007 fessis!
1086 951 1136 1002 355

168 1028 245 1090 Tum
265 1030 395 1091 Drances
414 1030 493 1091 idem
513 1030 655 1101 infensus,
678 1048 766 1109 quem
788 1029 882 1109 gloria
903 1027 995 1088 Turni
1198 1037 1201 1042 ·

125 1112 245 1191 oblique
266 1113 374 1175 invidia
395 1113 579 1192 stimulisque
599 1113 728 1194 agitabat
746 1114 862 1184 amaris,

126 1196 227 1276 largus
249 1213 340 1276 opum
362 1205 392 1257 et
408 1196 507 1275 lingua
528 1196 643 1268 melior,
662 1198 715 1259 sed
733 1198 840 1275 frigida
859 1196 937 1258 bello

128 1281 259 1349 dextera,
282 1278 409 1341 consiliis
430 1280 547 1342 babitus
567 1298 628 1342 non
649 1280 752 1342 futtilis
771 1287 883 1349 auctor,

125 1363 270 1424 seditione
290 1371 395 1441 potens
417 1364 521 1443 (genus
542 1364 612 1426 huic
636 1372 770 1427 materna
791 1363 953 1445 superbum
1086 1369 1137 1421 tto

124 1446 262 1508 nobilitas
283 1447 380 1516 dabat,
401 1449 546 1509 incertum
565 1449 602 1509 de
622 1456 707 1526 patre
728 1447 862 1530 ferebat),

124 1532 221 1607 surgit
243 1537 272 1593 et
293 1530 340 1592 bis
363 1538 466 1592 onerat
487 1532 573 1594 dictis
592 1540 681 1611 atque
702 1541 824 1611 aggerat
844 1534 919 1593 iras:

125 1623 208 1674 ‘rem
229 1613 301 1676 nulli
318 1613 476 1676 obscuram
498 1623 617 1678 nostrae
637 1634 693 1678 nec
715 1617 794 1677 vocis
816 1622 952 1694 egentem

125 1695 262 1767 consulis,
286 1716 304 1758 o
325 1697 493 1760 bouerex:
514 1701 613 1761 cuncti
634 1717 666 1762 se
689 1701 767 1760 scire
784 1699 922 1771 latentur,

125 1782 196 1862 quid
217 1782 335 1843 ionune
356 1782 432 1844 ierat
451 1783 561 1862 populi,
581 1783 633 1845 sod
647 1783 747 1847 dicere
768 1793 909 1845 mussant.
1085 1786 1136 1836 ³4⁶

124 1867 175 1928 dot
195 1865 360 1928 libertatem
378 1866 458 1927 tandi
475 1866 621 1946 flatusque
643 1868 772 1928 remittat

125 1951 208 2012 cuius
231 1948 269 2009 ob
287 1951 451 2028 auspicium
471 1951 631 2011 infaustum
652 1967 809 2028 moresque
830 1950 963 2010 sinistros

124 2032 231 2119 (dicem
252 2032 398 2110 equidem,
420 2031 490 2093 licet
510 2050 593 2093 erma
613 2032 686 2092 mihi
706 2038 892 2110 mortemque
912 2031 1049 2106 minetur)

123 2115 233 2176 iumine
256 2121 299 2174 tot
317 2115 459 2176 cecidisse
477 2114 586 2176 ducum
607 2120 759 2192 totamque
780 2113 911 2174 videmus

124 2197 292 2260 consedisse
314 2198 418 2258 urbem
440 2195 530 2265 luctu,
552 2197 622 2258 dum
639 2196 729 2257 Troia
750 2202 873 2274 temptat
1083 2202 1135 2252 555

124 2289 221 2343 castre
242 2281 329 2358 iugae
350 2281 444 2341 fidens
466 2290 496 2343 et
516 2279 630 2342 caelum
647 2281 761 2340 territat
781 2281 880 2340 armis.

124 2384 216 2427 unum
239 2367 326 2426 etiam
347 2365 432 2425 donis
452 2365 524 2434 istis,
548 2383 623 2443 quae
642 2363 769 2444 plurima
788 2365 863 2424 mitti

123 2448 296 2509 Dardanidis
317 2448 433 2528 dicique
450 2448 543 2519 iubes,
565 2467 668 2518 unum,
687 2449 797 2527 optime
817 2463 931 2523 regum,

123 2531 241 2601 adicias,
263 2549 319 2593 nec
340 2539 371 2592 te
399 2530 486 2594 ullius
508 2532 642 2594 violentia
663 2532 767 2602 vincat,

124 2616 196 2693 quin
215 2623 333 2695 gnatam
356 2618 475 2695 egregio
498 2634 609 2694 genero
629 2617 781 2695 dignisque
799 2615 968 2694 hymenaeis
1083 2618 1134 2668 555

123 2701 186 2769 des,
208 2709 301 2779 pater,
325 2709 353 2761 et
374 2718 480 2780 pacem
500 2701 578 2763 hanc
599 2708 719 2764 aeterno
742 2699 862 2760 loedere
883 2699 997 2774 iungas.

123 2782 203 2863 quod
224 2784 250 2846 si
271 2793 368 2845 tantus
388 2783 478 2846 babet
497 2793 610 2847 mentes
632 2790 661 2846 et
682 2791 803 2863 pectora
824 2789 931 2850 terror,

121 2869 221 2946 iprum
240 2866 420 2928 obtestemur
441 2869 614 2946 veniamque
636 2884 756 2928 oremus
777 2866 912 2943 abipso:
1007 2862 1012 2871 '

123 2949 217 3017 cedat,
239 2950 285 3009 ius
305 2949 461 3028 proprium
480 2952 545 3028 regi
564 2952 735 3028 patriaeque
757 2950 895 3010 remittat.

123 3031 196 3112 quid
215 3031 339 3094 miseros
361 3032 467 3093 totiens
487 3033 517 3093 in
539 3040 640 3113 aperta
660 3028 790 3111 pericula
811 3031 888 3090 cives
1083 3031 1134 3082 800

122 3115 243 3196 proicis,
262 3135 280 3176 o
301 3115 385 3176 Latio
405 3124 493 3196 caput
514 3116 621 3178 borum
645 3122 675 3176 et
696 3131 782 3175 causa
803 3111 967 3173 malorum?

122 3196 204 3260 nulla
225 3198 303 3260 salus
322 3198 416 3261 bello:
437 3217 540 3280 pacem
561 3208 590 3262 te
610 3200 760 3279 poscimus
783 3214 893 3264 omnes,

122 3281 233 3352 Turne,
255 3281 343 3344 simul
364 3286 445 3363 pacis
467 3285 562 3346 solum
583 3281 749 3345 inviolabile
769 3283 885 3359 pignus.

121 3367 237 3444 primus
258 3381 323 3443 ego,
346 3367 471 3429 invisum
493 3386 581 3447 quem
603 3377 635 3428 tu
657 3366 710 3428 tibi
731 3365 818 3443 tingis
842 3363 882 3443 (et
903 3380 968 3424 csse
1071 3396 1077 3405 ·

122 3447 164 3510 nil
185 3449 307 3528 moror),
331 3468 369 3512 en
390 3449 513 3528 supplex
535 3453 629 3514 venio.
666 3451 808 3512 miserere
830 3455 959 3514 tuorum,
1084 3446 1134 3499 Ν

122 3549 200 3612 pone
222 3533 335 3594 animos
355 3541 385 3595 et
407 3532 510 3611 pulsus
530 3534 588 3596 abi.
622 3543 667 3595 sat
689 3535 792 3596 iunera
814 3532 872 3592 insi
