2512 4096
174 278 234 345 1⁷8
522 286 667 336 vanam
689 286 815 336 nauare
837 288 860 335 v

174 447 275 508 victori
296 443 423 506 velatum
445 461 517 505 auro
539 444 674 521 vittisque
695 445 865 513 iuvencum,

172 547 272 592 ensem
295 535 383 608 atque
405 528 550 606 insignem
572 525 685 605 galeam
708 525 815 588 solacia
835 529 921 588 victo.

170 632 226 676 nec
246 631 346 674 mora:
370 613 509 673 continuo
530 613 618 672 vastis
638 629 705 672 cum
727 611 838 672 viribus
859 613 944 674 effert

171 716 222 759 cra
244 696 337 758 Dares
359 714 527 774 magnoque
546 697 642 757 vnum
664 714 696 757 se
720 714 874 757 murmure
895 696 985 768 tollit,
1060 730 1063 740 ν

169 781 249 843 solus
270 783 320 859 qui
340 780 477 842 Paridem
499 778 601 841 solitus
624 781 803 841 contendere
826 788 944 851 contra,
1150 796 1197 853 370

169 867 306 944 idemque
328 865 365 925 ad
385 863 547 934 tumulum,
570 882 628 942 quo
649 866 795 924 maximus
815 865 939 927 occubat
962 867 1093 936 Hector,

168 952 310 1012 victorem
330 949 426 1009 Buten
447 949 557 1008 inmani
579 965 719 1026 corpore,
743 950 793 1028 qui
812 967 845 1011 se

169 1034 313 1114 Bebrycia
333 1032 453 1093 veniens
478 1032 579 1112 Amyci
602 1032 639 1093 de
661 1040 748 1112 gente
771 1032 900 1104 ferebat,

169 1118 297 1197 percutit
316 1125 345 1177 et
365 1115 443 1177 iulva
464 1115 676 1177 moribundum
699 1117 830 1178 extendit
851 1119 973 1179 harena.

168 1202 234 1264 talis
255 1202 350 1279 prima
371 1199 463 1261 Dares
486 1208 574 1278 caput
594 1199 685 1261 altum
708 1202 738 1261 in
759 1201 872 1280 proelia
893 1201 984 1272 tellit,

171 1286 355 1364 ostenditque
377 1301 497 1346 umeros
517 1283 593 1345 latos
615 1283 787 1364 alternaque
808 1287 896 1348 iactat

169 1370 307 1432 oracchia
329 1369 509 1447 protendens
531 1375 561 1429 et
581 1369 718 1430 verberat
739 1370 846 1430 ictibus
868 1389 964 1432 auras.

171 1455 321 1534 quaeritur
343 1453 412 1515 huic
433 1452 523 1524 alius;
546 1471 602 1515 nec
623 1455 778 1534 quisquam
800 1473 836 1516 ex
858 1456 974 1535 agmine
995 1464 1082 1522 tanto

169 1539 256 1601 audet
278 1538 360 1598 adire
380 1537 475 1599 urum
496 1536 694 1617 manibusque
715 1538 858 1600 inducere
880 1546 1006 1602 caestus.

170 1640 240 1700 ergo
261 1620 365 1682 alacris
388 1631 569 1702 cunctosque
592 1629 701 1700 putans
723 1624 867 1684 excedere
888 1622 986 1702 palma

168 1707 284 1768 Aeneae
306 1706 384 1766 stetit
405 1712 472 1768 ante
493 1706 599 1785 pedes,
624 1725 680 1768 nec
700 1706 786 1786 plura
810 1715 942 1769 moratus

169 1799 231 1853 tum
251 1789 332 1852 laeva
353 1797 473 1852 taurum
496 1808 589 1850 cornu
608 1797 691 1852 tenet
709 1798 797 1870 atque
818 1792 858 1853 ita
876 1793 968 1853 tatur:

170 1881 253 1936 ‘nate
276 1876 346 1944 dea,
368 1876 392 1934 si
411 1893 499 1935 nerno
522 1874 611 1936 audet
631 1895 664 1937 se
686 1875 809 1938 credere
831 1893 963 1956 pugnae,

168 1977 244 2039 quae
267 1960 334 2019 finis
353 1959 467 2020 standi?
489 1976 547 2039 quo
569 1977 617 2021 me
640 1960 723 2022 decet
746 1978 840 2043 usque
861 1962 974 2021 tenerit

168 2045 278 2106 ducere
297 2043 375 2103 dona
397 2041 492 2104 iuhe'
537 2045 634 2105 cuncti
650 2043 738 2106 simul
761 2062 813 2105 ore
835 2043 1001 2106 tremebant

168 2127 352 2194 Dardanidae
373 2127 517 2206 reddique
539 2128 602 2188 viro
624 2129 769 2208 promissa
791 2127 942 2189 iubebant.

167 2212 216 2273 hic
238 2213 334 2290 gravis
355 2209 505 2272 Entellum
524 2211 609 2273 dictis
631 2215 752 2292 castigat
773 2212 908 2282 Acestes,

166 2298 319 2374 proximus
340 2302 373 2357 ut
394 2295 537 2356 viridante
559 2303 625 2357 toro
647 2297 822 2359 consederat
839 2295 965 2358 herbae:

94 2437 100 2447 ,
168 2378 296 2440 ‘Entelle
332 2379 457 2441 heroum
479 2381 629 2459 quondam
648 2381 806 2442 fortissime
828 2381 952 2450 trustra,

167 2472 285 2524 tantane
304 2470 363 2524 tam
384 2464 499 2542 patiens
519 2463 601 2526 nullo
624 2467 785 2526 certamine
805 2464 868 2525 tolli

167 2547 243 2608 dona
264 2548 360 2609 sines?
382 2546 435 2608 ubi
456 2566 536 2609 nunc
556 2549 642 2611 nobis
660 2549 733 2612 deus
753 2547 802 2610 iile
822 2549 978 2626 magister,

166 2633 344 2712 nequiquam
362 2640 544 2695 memoratus
564 2634 661 2714 Eryx?
681 2633 733 2694 uhi
754 2633 832 2693 iarna
855 2650 909 2711 per
929 2650 1048 2694 ornnem

165 2715 346 2778 Trinacriam
371 2724 400 2777 et
421 2716 513 2796 spolia
534 2717 583 2779 illa
599 2717 658 2778 tuis
678 2716 837 2795 pendentia
858 2716 976 2777 tectist'

166 2799 214 2862 ille
236 2800 290 2862 suh
311 2801 401 2862 haec:
430 2812 505 2863 ‘non
525 2800 621 2864 laudis
643 2819 727 2862 amor
749 2819 805 2862 nec
827 2798 920 2880 gloria
943 2803 1030 2862 cessit

166 2883 250 2963 pulsa
268 2893 363 2955 metu;
388 2885 529 2947 sedenim
551 2885 665 2965 gelidus
686 2885 821 2946 tardante
839 2890 958 2946 senecta

166 2972 284 3048 sanguis
306 2969 410 3039 hebet,
431 2971 597 3050 frigentque
620 2968 723 3031 effetae
742 2971 774 3030 in
794 2987 921 3048 corpore
941 2970 1026 3034 vires.

166 3054 191 3114 si
211 3055 297 3123 ndhi,
321 3073 396 3134 quae
417 3056 566 3133 quondam
582 3056 679 3115 iuerat
701 3073 817 3134 quaque
840 3052 994 3134 improbus
1013 3055 1069 3116 iste

167 3137 276 3199 exultat
296 3139 406 3208 fidens,
429 3141 454 3199 si
479 3138 654 3201 nunciaret
675 3137 724 3199 illa
744 3140 890 3207 iuventas,

166 3221 236 3283 haut
258 3224 393 3302 equidem
407 3225 503 3302 pretio
526 3222 663 3283 inductus
683 3221 869 3299 pulchroque
891 3223 1014 3282 iuvenco

166 3307 325 3377 venissem,
348 3325 403 3368 nec
425 3307 502 3367 dona
522 3303 647 3366 moror.'
691 3305 734 3364 sic
755 3304 862 3365 deinde
881 3303 997 3367 locutus

166 3392 196 3450 in
218 3390 346 3452 medium
366 3394 499 3469 geminos
516 3390 627 3449 inmani
646 3387 778 3464 pondere
800 3398 916 3449 caestus

166 3476 304 3554 proiecit,
328 3475 434 3555 quibus
454 3491 522 3535 acer
544 3472 623 3551 Eryx
643 3472 674 3531 in
694 3470 808 3549 proelia
827 3481 929 3536 suetus

167 3558 246 3620 ferre
268 3578 389 3622 manum
411 3559 544 3636 duroque
562 3555 718 3618 intendere
738 3556 877 3621 bracchia
898 3566 991 3637 tergo.
