2512 4096
440 781 977 899 nvnaomrunaoms

367 989 411 1085 A
460 993 505 1086 Ε
557 993 603 1088 Ν
654 994 696 1086 Ε
748 994 773 1087 Ι
824 995 871 1089 D
925 995 968 1090 Ο
1025 996 1061 1093 S

531 1163 647 1221 LIBER
670 1162 895 1222 unbncinus

641 1362 772 1373 —--

209 1490 357 1552 Oceanum
376 1492 487 1551 interea
511 1506 635 1568 surgens
655 1493 770 1553 Aurora
790 1491 923 1572 reliquit:

209 1573 329 1644 leneas,
352 1590 528 1654 quamquam
552 1582 581 1636 et
602 1575 688 1651 sociis
711 1575 781 1637 dare
801 1587 918 1655 tempus
937 1576 1104 1642 humandis

209 1656 400 1736 praecipitant
422 1673 511 1717 curae
532 1656 709 1734 turbataque
728 1662 832 1721 ninere
853 1677 936 1722 mens
954 1670 1009 1730 est,

208 1747 273 1802 vota
294 1740 382 1801 deum
403 1740 499 1818 primo
521 1740 614 1801 victor
634 1739 764 1802 solvebat
784 1740 857 1805 Eoo.

209 1831 358 1902 mgentem
380 1841 523 1903 quercum
545 1823 650 1885 decisis
670 1824 801 1904 undique
822 1827 910 1887 ramis

208 1908 356 1969 constituit
374 1905 488 1969 tumulo
511 1906 709 1989 fulgentiaque
730 1909 824 1972 induit
844 1928 934 1978 arma,

207 1990 331 2053 Mezenti
354 1991 436 2053 ducis
455 1991 581 2062 exuvias,
602 1991 664 2062 tibi,
687 2010 801 2070 magne,
824 2000 985 2071 tropaeum,

207 2073 396 2155 bellipotens:
419 2081 499 2152 aptat
517 2076 645 2136 rorantis
665 2077 807 2155 sanguine
830 2077 957 2138 cristas·

205 2157 322 2238 telaque
344 2164 447 2220 uunoa
468 2159 523 2218 riri
544 2165 573 2221 et
593 2157 709 2221 bissex
730 2160 850 2222 thoraca
871 2161 994 2238 petitum

206 2241 431 2324 perfossumque
452 2239 524 2302 locis
546 2239 730 2322 clipeumque
752 2261 787 2304 er
806 2261 874 2305 aare
894 2242 1031 2304 sinistrae
1196 2258 1224 2307 ro

206 2323 332 2404 subligat
351 2332 439 2404 atque
461 2341 561 2386 ensem
582 2323 656 2385 collo
677 2327 829 2404 suspendit
850 2326 1008 2388 eburnum.

207 2414 269 2468 tum
290 2409 387 2469 socios
408 2408 544 2488 (namque
567 2409 662 2469 omnis
683 2428 751 2470 eum
769 2412 874 2488 stipata
894 2408 1013 2486 tegebat

206 2489 292 2552 turba
309 2489 427 2570 ducum)
449 2491 654 2570 sicincipiens
674 2492 809 2554 hortatur
830 2494 956 2553 ovantis:

206 2575 346 2635 ‘maxima
367 2591 417 2634 res
439 2573 551 2645 allecta,
574 2575 644 2643 rirl;
665 2577 753 2636 timor
774 2577 868 2637 omnis
891 2575 1002 2645 abesto,

204 2657 283 2736 quod
305 2663 454 2735 superest:
476 2656 551 2718 baec
570 2664 640 2718 sunt
659 2655 751 2736 spolia
773 2666 801 2719 et
823 2658 860 2720 de
881 2675 951 2735 rege
974 2661 1109 2740 superbo
1189 2672 1220 2722 lo

205 2740 359 2818 primitiae,
381 2737 573 2818 manibusque
594 2740 668 2800 meis
684 2739 843 2802 Mezentius
864 2741 912 2802 hio
934 2750 986 2802 est.

204 2823 356 2886 conciter
374 2823 530 2902 adregem
552 2822 638 2885 nobis
657 2841 818 2905 murosque
838 2825 966 2886 Latinos.

206 2924 286 2969 arma
308 2914 411 2986 parete
432 2906 536 2968 animis
557 2915 586 2968 et
607 2925 659 2986 spe
680 2910 858 2986 praesumite
879 2908 999 2977 bellurn,

204 3009 300 3070 nequa
322 3008 405 3052 mora
426 2990 554 3070 ignaros,
577 2988 628 3052 ubi
648 2992 776 3070 primum
798 2991 905 3054 vellere
926 2993 1009 3068 signa

204 3074 359 3136 adnuerint
380 3076 481 3153 superi
498 3074 665 3154 pubemque
687 3075 812 3137 educere
835 3077 947 3143 castris,
1092 3110 1099 3119 -
1190 3087 1219 3136 ao

204 3156 333 3234 inpediat
354 3157 486 3234 seqnbve
508 3165 586 3220 metu
608 3160 752 3219 sententia
771 3159 876 3220 tardet.

204 3241 316 3303 interea
339 3240 434 3300 socios
457 3238 665 3317 inhumataque
685 3257 810 3319 corpora
832 3248 929 3302 terrae

205 3323 383 3391 mandemus,
405 3323 457 3402 qul
475 3321 555 3384 solue
574 3322 668 3384 honos
686 3323 851 3385 Acheronte
872 3323 926 3385 sub
948 3325 1046 3384 [most.

136 3434 181 3458 ν·
205 3401 255 3468 lte'
278 3407 326 3479 ait,
346 3405 493 3484 ‘egregias
515 3407 633 3475 animas,
657 3424 730 3485 quae
750 3408 891 3484 sanguine
912 3405 998 3466 nobis
