2512 4096
116 278 159 342 st
411 286 554 337 vunomr
575 284 778 335 nnonmcou
802 287 830 335 ιι

118 463 173 508 nec
195 462 227 506 se
248 443 443 523 praevalidam
465 443 567 521 primis
589 442 722 502 ostendat
743 441 854 501 aristis!

118 545 194 609 quae
216 529 313 605 gravis
334 533 378 588 est
400 529 464 606 ipso
486 527 603 587 tacitam
625 543 656 584 se
678 525 810 601 pondere
833 527 947 603 prodit,

119 629 251 691 quaeque
265 610 346 672 levis.
376 617 546 690 promptum
561 613 605 669 est
620 607 712 668 oculis
726 608 918 685 praediscere
935 614 1068 691 nigram,

119 703 148 757 et
169 696 300 774 quisquis
322 693 413 756 color.
450 700 481 754 at
502 691 676 754 sceleratum
699 693 857 770 exquirere
880 694 982 774 frigus

119 777 277 840 difficilest:
300 779 400 856 piceae
422 784 534 838 uotum
557 776 672 854 taxique
694 781 835 836 nocentes

118 861 264 924 interdum
286 869 338 922 aut
358 863 463 923 ederae
485 860 618 938 pandunt
638 860 756 936 vestigia
778 860 890 936 nigrae.

160 945 212 1006 His
233 946 363 1006 animum
385 945 514 1005 adversis
536 950 646 1005 terram
667 941 758 1003 multo
781 948 849 1004 ante
871 954 1031 1007 memento

120 1046 284 1108 excoquere
305 1035 334 1089 et
355 1045 478 1106 magnos
498 1026 653 1088 scrobibus
675 1026 831 1087 concidere
853 1030 978 1099 montis,

119 1119 186 1174 ante
208 1112 357 1189 supinatas
379 1109 506 1190 aquiloni
528 1111 682 1171 ostendere
704 1109 832 1186 glaebas,

120 1194 337 1275 quam-laetum
358 1194 484 1256 infodias
504 1195 568 1254 ritis
591 1211 692 1272 genus.
731 1193 839 1270 optima
862 1196 945 1272 putri

120 1295 189 1340 arva
211 1278 289 1339 solo:
312 1280 342 1340 id
364 1279 442 1340 venti
464 1284 569 1339 curant
590 1276 761 1354 gelidaeque
783 1279 910 1354 pruinae

121 1369 150 1422 et
170 1360 312 1423 labefacta
334 1380 455 1423 movens
477 1360 616 1422 robustus
637 1362 739 1438 iugera
762 1359 868 1420 lossor.

121 1462 156 1505 ac
176 1445 275 1522 siquos
295 1445 367 1504 haut
386 1445 445 1506 ulla
465 1446 543 1505 'viros
559 1443 703 1522 vigilantia
720 1444 800 1522 sugit,

121 1533 188 1588 ante
209 1524 307 1587 locum
329 1527 451 1590 similem
473 1529 644 1606 exquirunt,
667 1527 718 1587 ubi
739 1529 832 1605 prima
855 1535 984 1605 paretur

121 1610 278 1672 arboribus
299 1628 383 1689 seges
405 1619 434 1673 et
455 1629 514 1690 quo
535 1630 604 1671 mox
626 1612 737 1690 digesta
760 1610 881 1680 lerator,

121 1699 260 1756 mutatam
282 1694 419 1771 ignorent
440 1694 535 1755 subito
558 1712 596 1755 ue
618 1695 728 1754 semina
751 1701 886 1755 matrem.

125 1779 192 1857 quin
214 1778 301 1838 etiam
324 1776 396 1838 caeli
416 1779 567 1854 regionem
589 1779 618 1838 in
641 1779 749 1838 cortice
771 1779 896 1855 signant,

122 1867 154 1922 ut
174 1880 232 1940 quo
254 1878 387 1940 quaeque
408 1861 496 1921 modo
515 1863 636 1930 steterit,
659 1880 715 1939 qua
734 1868 818 1940 parte
839 1861 955 1924 calores

122 1947 268 2006 austrinos
289 1943 401 2014 tulerit,
425 1963 500 2024 quae
523 1951 604 2024 terga
626 1944 784 2007 obverterit
806 1945 861 2013 axi,

122 2030 289 2091 restituant:
311 2029 384 2089 adeo
406 2031 435 2090 iu
457 2029 567 2091 teneris
589 2046 781 2090 consuescere
802 2027 968 2091 multumst.

123 2113 245 2174 collibus
267 2131 304 2173 au
326 2112 413 2192 plano
435 2113 539 2175 melius
557 2114 597 2173 sit
618 2130 729 2190 ponere
751 2115 848 2181 vitem,

123 2213 232 2338 quaere
253 2197 344 2273 prius.
381 2199 406 2259 si
427 2199 543 2276 pinguis
565 2213 652 2275 agros
672 2196 822 2256 metabere
845 2200 951 2276 campi,

143 2295 212 2338 ensa
234 2295 314 2340 sere:
336 2281 366 2339 in
389 2282 480 2342 denso
501 2299 562 2341 non
583 2281 701 2357 segnior
722 2279 815 2340 ubere
837 2279 992 2354 Bacchus,·

123 2362 168 2421 siu
190 2360 308 2422 tumulis
330 2363 439 2424 adclive
461 2362 554 2424 solum
579 2363 718 2441 collisque
740 2365 869 2441 supinos,

123 2443 241 2523 indulge
264 2445 429 2515 ordinibus;
452 2465 509 2508 nec
530 2448 620 2507 setius
642 2448 735 2507 omnis
757 2449 786 2507 in
809 2464 939 2524 unguem

123 2526 279 2588 arboribus
301 2529 401 2606 positis
422 2537 502 2590 secto
524 2531 568 2590 via
589 2529 678 2590 limite
700 2530 832 2608 quadret,

123 2617 156 2670 ut
177 2628 264 2688 saepe
286 2611 396 2688 ingenti
417 2611 495 2673 bello
518 2631 585 2673 cum
606 2612 691 2692 longa
715 2614 842 2673 cohortis

125 2694 261 2773 explicuit
281 2694 373 2772 legio,
397 2701 426 2756 et
447 2714 550 2774 campo
570 2698 647 2757 stetit
668 2715 772 2774 agmen
793 2704 902 2774 aperto,

124 2778 319 2856 derectaeque
341 2780 431 2849 acies,
455 2798 490 2841 ac
510 2779 568 2842 late
589 2780 710 2841 lluctuat
732 2782 826 2842 omnis

124 2879 194 2922 aere
215 2862 359 2923 renidenti
380 2862 478 2933 tellus,
501 2865 627 2926 necdum
649 2864 768 2925 horrida
790 2865 913 2924 miscent

124 2943 249 3023 proelia,
272 2946 324 3006 sed
347 2945 453 3008 dubius
473 2948 576 3010 mediis
597 2948 674 3009 biars
696 2951 825 3009 erratio
847 2950 945 3008 armis.

126 3030 222 3089 omnia
244 3031 301 3089 sint
322 3031 442 3109 paribus
464 3034 593 3093 numeris
615 3032 745 3092 dimensa
767 3032 894 3099 viarum;

125 3128 186 3171 non
206 3114 335 3174 animum
354 3115 441 3175 modo
462 3118 504 3176 uti
524 3123 624 3194 paseat
643 3122 817 3193 prospectus
838 3117 966 3186 inanem,

125 3193 176 3255 scd
191 3196 257 3274 quia
278 3214 338 3256 non
359 3196 442 3258 aliter
463 3201 539 3260 vires
561 3199 641 3260 dabit
661 3197 796 3258 omnihus
818 3216 925 3276 aequas

126 3284 220 3347 terra,
243 3297 299 3340 nec
320 3282 350 3340 iu
371 3298 496 3342 vacuum
518 3288 656 3360 poterunt
678 3282 836 3343 extendere
858 3284 942 3342 rami.

169 3361 303 3424 Forsitan
325 3371 354 3424 et
375 3365 530 3426 scrobibus
552 3386 626 3445 quae
648 3368 706 3426 sint
726 3366 837 3442 fastigia
860 3385 985 3444 quaeras

127 3462 219 3505 ausim
241 3447 285 3507 rel
308 3450 388 3509 tenui
408 3450 495 3510 vitem
518 3453 699 3512 committere
721 3448 811 3510 sulco.

127 3527 211 3590 altior
233 3547 267 3590 ac
288 3533 404 3610 penitus
424 3541 520 3597 terrae
542 3536 677 3612 defigitur
699 3530 796 3602 arbos,
