2512 4096
524 297 739 347 cerauneis.

409 656 862 744 OATALEGTA.

624 853 645 912 1.

126 970 207 1033 Delia
228 989 316 1051 saepe
340 970 392 1032 tibi
414 973 501 1033 venit.
524 969 591 1040 sed,
614 969 727 1039 Tucca,
750 969 850 1030 videre

168 1072 228 1116 non
250 1053 333 1116 licet:
357 1054 500 1117 occulitur
521 1053 624 1114 limine
646 1052 744 1114 clausa
766 1053 830 1114 viri.

126 1137 207 1200 Delia
229 1156 317 1218 saepe
339 1137 408 1208 tibi,
430 1157 491 1200 uon
513 1139 593 1199 venit
614 1137 709 1198 adhuc
730 1136 818 1197 mihi:
842 1154 969 1216 namque

168 1224 193 1283 si
214 1222 372 1293 occulitur,
396 1221 483 1300 longe
506 1230 550 1282 est
571 1231 692 1299 tangere
714 1218 793 1299 quod
815 1237 954 1300 nequeas.

128 1308 254 1367 venerit:
277 1307 383 1368 audivi.
405 1305 458 1366 sed
479 1307 538 1366 iam
560 1305 633 1365 mihi
654 1304 774 1364 nuntius
794 1303 850 1365 iste
974 1349 978 1354 -
1120 1315 1135 1366 b

168 1391 238 1469 quid
259 1389 399 1469 prodest?
420 1387 463 1448 illi
486 1389 586 1457 dicite,
610 1390 679 1466 quoi
699 1386 800 1452 rediit!

615 1554 650 1615 11.

169 1655 388 1717 Corinthiorum
411 1662 524 1715 amator
545 1656 600 1716 iste
621 1653 788 1723 verborum,

126 1738 311 1817 Thucydides
332 1739 503 1805 Britannus,
525 1738 637 1799 Atticae
655 1737 756 1808 febris,
859 1753 860 1757 ’

126 1831 175 1884 tau
198 1821 354 1893 Gallicum,
377 1823 452 1893 min,
475 1821 517 1891 al,
540 1821 576 1883 sil
597 1829 630 1883 ut
650 1820 728 1883 male
750 1820 834 1893 elisit,

125 1908 165 1967 ita
187 1906 286 1967 omnia
306 1907 362 1967 ista
383 1904 472 1967 rerba
492 1905 610 1966 miscuit
631 1905 724 1965 fratri.

606 2071 654 2130 lss.

168 2173 273 2241 Socer,
296 2169 382 2231 beate
404 2188 459 2230 nec
481 2170 534 2231 tihi
556 2187 611 2230 nec
632 2167 726 2238 alteri,

125 2272 275 2335 generque
296 2253 457 2324 Noctuine,
480 2253 613 2334 putidum
636 2261 730 2330 caput,

124 2346 214 2401 tuone
237 2355 316 2399 nunc
337 2336 434 2416 puella
458 2337 536 2407 talis,
560 2338 587 2397 ei
610 2342 660 2397 tuo

124 2430 244 2501 stupore
265 2439 367 2502 pressa
389 2439 441 2482 rus
462 2420 572 2483 abibit?
594 2422 622 2480 ei
643 2421 724 2490 mihi,

123 2505 225 2567 utillo
247 2523 347 2567 versus
370 2522 577 2585 usquequaque
599 2504 727 2583 pertinet

125 2593 235 2666 ‘gener
256 2607 412 2668 socerque,
435 2589 604 2667 perdidistis
625 2587 750 2648 omniai'

599 2745 661 2805 1111.

166 2854 300 2931 Superbe
321 2854 478 2924 Noctuine,
501 2856 636 2933 putidum
658 2863 753 2933 caput,

124 2937 210 2996 datur
232 2934 285 2995 tibi
306 2935 421 3014 puella,
442 2954 529 3017 quam
550 2939 641 3016 petis,
664 2937 765 3006 datum

124 3019 223 3088 datur,
245 3018 374 3098 superbe
394 3019 553 3091 Noctuine,
577 3021 771 3100 quampotis.

123 3101 189 3170 sed,
214 3120 231 3162 o
253 3101 380 3180 superbe
402 3102 564 3174 Noctuine,
587 3121 647 3163 non
670 3103 751 3165 vides
784 3098 790 3115 ‘

123 3184 196 3246 duas
217 3185 328 3248 hahere
349 3184 423 3247 filias
444 3185 573 3257 Atilium,

123 3269 208 3337 duas,
232 3276 261 3329 et
282 3269 359 3329 hanc
381 3269 569 3339 stulterum,
592 3269 646 3335 tibi
667 3268 739 3331 dari.
847 3301 849 3306 ·

122 3351 222 3414 adeste
244 3370 339 3420 nunc,
362 3351 476 3414 adeste:
500 3353 580 3414 ducit
602 3355 645 3425 (ut
665 3353 774 3433 deceti)

121 3434 267 3518 superbus
290 3453 358 3497 ecce
380 3436 541 3498 Noctuinus
563 3437 707 3500 hirneam.

121 3520 273 3582 thalassio!
297 3519 451 3581 thalassio!
474 3519 627 3582 thalassio!
