2512 4096
177 245 239 309 ⁸20
513 247 656 296 vnnornr
673 243 797 294 nmmrs
813 244 849 291 xr

178 410 351 487 Tiburtique
370 421 484 474 manus,
506 403 589 464 ducis
611 410 640 462 et
656 409 688 462 tu
707 400 829 477 concipe
851 401 977 459 curam?

178 497 222 558 sic
243 493 291 562 ait,
314 499 343 552 et
363 487 485 568 paribus
506 486 671 564 Messapum
693 486 724 543 in
743 481 855 561 proelia
876 480 963 542 dictis
1152 487 1186 540 ott

178 579 314 640 hortatur
335 573 489 651 sociosque
507 570 597 631 duces
619 576 650 630 et
670 568 767 647 pergit
787 568 817 627 in
839 565 966 626 hostem.

179 668 224 723 est
245 675 335 721 curro
358 655 491 718 anfractu
509 653 607 723 valles,
629 651 821 712 adcommoda
843 649 941 711 iraudi

179 758 388 819 armorumque
405 737 488 807 dolis,
499 741 599 823 [quam
621 734 718 797 densis
736 732 890 794 frondibus
912 740 1018 794 atrum

179 834 267 906 urget
288 825 435 902 utrimque
455 817 552 900 latus]
564 820 658 881 tenuis
680 837 739 899 quo
763 820 866 879 semita
887 816 970 878 ducit

181 916 380 987 angustaeque
402 905 502 967 ierunt
524 906 624 966 lauces
646 903 799 979 aditusque
820 899 949 978 maligni.
1155 908 1189 961 ta

180 994 259 1055 hanc
280 1009 370 1069 super
391 991 422 1049 in
444 986 570 1067 speculis
591 1004 765 1065 summoque
781 986 811 1046 in
832 985 941 1046 vertice
960 989 1084 1048 montis

180 1076 314 1156 planities
334 1075 433 1151 ignota
454 1074 530 1133 iacet
551 1072 662 1149 tutique
682 1077 828 1148 receptus,

180 1177 234 1222 seu
255 1160 356 1219 dextra
377 1155 516 1233 laevaque
537 1153 607 1215 vebs
628 1171 787 1215 occurrere
808 1169 933 1231 pugnae,

183 1245 244 1304 sivo
264 1242 373 1302 instare
394 1241 469 1316 iugis
494 1246 523 1299 et
541 1237 662 1315 grandia
684 1235 800 1298 volvere
822 1254 900 1298 saxa.
1024 1270 1028 1275 ·

181 1327 241 1388 huo
257 1324 369 1385 iuvenis
390 1331 459 1383 nota
480 1323 573 1384 fertur
592 1323 714 1399 regione
735 1322 847 1381 riarum

183 1409 364 1486 arripuitque
382 1406 481 1467 locum
502 1415 529 1467 et
551 1404 629 1466 silvis
650 1404 757 1466 insedit
774 1404 890 1483 iniquis.

224 1490 360 1551 Velocem
385 1493 496 1551 interea
516 1491 634 1568 superis
653 1490 684 1548 in
704 1487 822 1550 sedibus
840 1487 935 1566 Opim,

181 1592 272 1636 unam
292 1593 327 1633 er
349 1571 509 1651 virginibus
529 1573 616 1632 sociis
638 1590 782 1651 sacraque
802 1579 926 1641 caterva,

182 1655 377 1735 compellabat
397 1664 426 1716 et
448 1655 502 1715 has
518 1656 609 1716 tristis
627 1655 749 1716 Latonia
767 1673 853 1716 voces

84 1783 87 1787 ,
181 1758 235 1801 ore
255 1738 356 1800 dabat:
380 1737 530 1814 ‘graditur
552 1737 661 1798 bellum
680 1738 717 1798 ad
736 1736 856 1800 crudele
878 1737 1015 1808 Camilla,
1152 1745 1192 1799 ott

183 1843 201 1884 o
224 1824 315 1901 virgo,
335 1830 364 1882 et
386 1822 493 1881 nostris
509 1822 689 1899 nequiquam
711 1823 838 1900 cingitur
856 1823 956 1893 umis,

183 1925 252 1969 cara
272 1906 343 1966 mihi
360 1913 427 1966 ante
449 1901 540 1966 alias!
574 1904 680 1984 (neque
702 1907 781 1967 enlm
802 1922 893 1966 novos
913 1906 969 1967 iste
992 1906 1113 1971 Dianae

184 1991 263 2052 venit
282 2006 366 2050 amor
389 1988 544 2067 subitaque
567 1989 697 2049 animum
719 1989 872 2050 dulcedine
892 1990 996 2050 movit.

184 2074 286 2153 pulsus
306 2071 345 2132 ob
366 2073 502 2134 invidiam
524 2089 616 2150 regno
639 2073 773 2151 viresque
794 2071 937 2150 superbas

185 2158 323 2219 Priverno
342 2157 461 2233 antiqua
481 2155 614 2217 Metabus
635 2173 702 2217 oum
721 2156 877 2217 excederet
895 2155 979 2225 urbe,
1151 2163 1193 2216 ott

183 2241 324 2302 infantem
341 2240 458 2317 lugiens
475 2239 570 2300 media
591 2241 668 2300 inter
686 2239 797 2317 proelia
818 2238 887 2301 belli

184 2322 299 2386 sustulit
320 2322 406 2384 exilio
428 2323 563 2383 comitem
583 2324 743 2401 matrisque
764 2325 875 2384 vocarit

188 2407 307 2468 nomine
329 2406 481 2468 Casmillae
501 2412 610 2466 mutata
628 2414 712 2484 parte
733 2405 891 2468 Camillam.

186 2491 250 2569 ipse
270 2492 335 2550 sinu
355 2506 479 2569 praese
499 2497 621 2569 portans
639 2491 707 2567 iuga
728 2487 816 2566 longa
834 2489 954 2568 petebat

184 2573 315 2634 solorum
337 2591 507 2633 nemorum:
526 2570 583 2633 tela
604 2572 734 2653 undique
754 2591 839 2634 saeva
861 2571 1040 2653 premebant
1150 2579 1193 2632 ott

185 2665 214 2718 et
235 2656 410 2717 circumfuso
433 2654 590 2714 volitabant
610 2655 702 2714 milite
725 2654 830 2716 Volsci.

185 2757 254 2799 ecce
275 2739 360 2817 fugae
382 2738 479 2798 medio
499 2737 620 2797 summis
641 2739 804 2799 Amasenus
824 2737 979 2801 abundans

184 2821 338 2901 spumabat
358 2823 444 2900 ripis:
468 2827 565 2881 tantus
585 2838 617 2881 se
637 2819 765 2883 nubibus
784 2820 880 2884 imber

184 2913 313 2984 ruperat.
347 2903 404 2976 ille,
426 2907 530 2966 innare
551 2922 667 2983 parans,
688 2906 807 2966 briantis
830 2924 931 2967 amore

185 2989 317 3051 tardatur
339 3007 468 3070 caroque
490 2991 573 3050 oneri
595 2991 685 3050 timet.
721 2992 818 3051 omnia
839 3007 940 3051 secum
1148 2997 1192 3050 ott

185 3074 312 3133 versanti
333 3073 431 3136 subito
451 3076 499 3135 rix
520 3074 593 3135 haec
614 3076 757 3135 sententia
775 3074 860 3136 sedit.

185 3155 276 3216 telum
296 3158 423 3220 inmane
443 3176 533 3220 manu
555 3156 648 3218 valida
669 3158 748 3235 quod
769 3158 844 3219 torte
866 3156 987 3236 gerebat

185 3237 319 3310 bellator,
343 3241 468 3316 solidum
490 3241 577 3302 nodis
596 3247 626 3300 et
649 3241 759 3303 robore
781 3249 873 3312 cocto,

185 3321 254 3383 huic
276 3331 383 3392 natam,
404 3324 480 3385 libro
504 3334 533 3385 et
555 3322 681 3384 silvestri
702 3325 810 3387 subere
829 3323 967 3393 clausam,

185 3404 314 3481 implicat
333 3416 420 3486 atque
440 3406 566 3469 habilem
588 3407 701 3470 mediae
719 3408 904 3488 circumligat
921 3408 1039 3479 hastae;
1146 3415 1193 3469 oio

187 3506 273 3568 quam
299 3493 403 3556 dentre
418 3492 528 3570 ingenti
549 3490 661 3552 librans
680 3499 719 3553 tta
740 3494 777 3554 ad
799 3493 918 3555 aethera
941 3491 1035 3553 latur:

1239 3516 1243 3573 t

1239 3606 1244 3681 l

1239 3696 1244 3767 l
