2512 4096
183 268 243 334 tao
520 277 663 328 000000
684 277 809 328 senem
831 277 859 327 11

179 444 309 507 aeratos;
331 437 448 516 iamque
469 434 566 499 excisa
587 432 671 496 babe
691 434 776 495 firma
799 433 907 496 cavavit

179 521 288 585 robora
309 528 339 583 et
359 521 507 599 ingentem
524 518 582 582 lato
605 518 684 580 dedit
704 535 757 578 ore
777 518 945 580 fenestram.

178 611 300 685 apparet
318 603 424 668 domus
445 605 524 666 intus
545 609 575 665 et
594 604 667 665 atria
684 601 772 679 longa
792 607 962 682 patescunt,

178 696 321 769 apparent
341 689 451 751 Priami
472 695 501 751 et
521 693 652 749 veterum
673 683 834 764 penetralia
856 703 975 764 regum.

179 779 365 852 armatosque
386 773 485 834 vident
504 771 606 832 stantis
626 771 657 831 in
677 769 777 831 limine
799 770 905 848 primo.
1145 782 1196 839 tes

219 857 256 918 tt
278 857 383 919 domus
403 857 527 918 interior
547 855 657 934 gemitu
675 853 843 933 miseroque
862 853 989 916 tumultu

178 942 332 1010 miscetur,
356 941 532 1019 penitusque
552 957 641 1000 cavae
661 935 854 1016 plangoribus
876 937 964 1001 aedes

178 1023 312 1086 femineis
332 1022 461 1092 ululam;
484 1023 551 1084 ferit
572 1038 661 1086 aurea
682 1021 778 1082 sidera
800 1020 921 1083 clamor.

178 1115 240 1170 tum
261 1107 383 1186 pavidae
404 1106 489 1169 tectis
507 1112 617 1168 matres
636 1104 805 1182 ingentibus
827 1113 941 1175 errant,

178 1191 388 1272 amplexaeque
408 1197 510 1253 tenent
530 1195 630 1270 postes
651 1195 739 1269 atque
757 1188 858 1252 oscula
879 1190 981 1269 figunt.
1146 1202 1197 1258 too

177 1276 265 1338 instat
289 1277 317 1337 vi
339 1276 434 1356 patria
454 1274 599 1355 Pyrrhus:
622 1292 678 1337 nec
700 1273 828 1336 claustra
852 1291 908 1336 neo
928 1275 983 1352 ipsi

178 1359 314 1421 custodes
336 1360 461 1422 sufferre
483 1358 595 1430 valent;
616 1357 696 1421 labat
717 1360 808 1421 ariete
830 1357 937 1421 crebro

178 1442 278 1515 ianua,
300 1449 329 1506 et
348 1444 436 1505 emoti
454 1442 654 1522 procumbunt
675 1443 794 1506 cardine
815 1450 928 1522 postes;

177 1526 210 1588 flt
228 1527 274 1589 via
293 1528 336 1597 vf;
359 1533 501 1605 rumpunt
520 1527 615 1590 aditus
635 1529 806 1607 primosque
827 1526 975 1589 trucidant

178 1611 300 1673 immissi
320 1609 412 1672 bauai
433 1617 462 1672 et
482 1610 540 1672 late
560 1610 625 1674 loca
646 1610 738 1673 milite
761 1611 917 1689 complent.
1145 1619 1197 1676 495

179 1712 238 1756 000
259 1695 316 1766 sic,
339 1693 496 1773 aggeribus
517 1696 612 1774 ruptis
632 1713 700 1758 cum
720 1712 860 1774 spumeus
881 1695 973 1756 amnis

179 1779 238 1841 exit
257 1780 465 1859 oppositasque
487 1778 571 1839 evicit
591 1780 707 1857 gurgite
729 1777 836 1848 moles,

179 1863 272 1925 fertur
290 1864 322 1924 in
342 1880 411 1924 arva
433 1861 535 1924 furens
554 1862 672 1925 cumulo
694 1859 875 1942 camposque
893 1880 947 1941 per
969 1863 1064 1923 omnis

179 1965 246 2009 cum
268 1946 391 2009 stabulis
412 1952 544 2009 armenta
565 1945 664 2009 trabit.
708 1946 766 2008 vidi
787 1947 850 2025 ipse
871 1945 1017 2008 furentem

179 2030 270 2094 caede
293 2029 518 2111 Neoptolemum
540 2031 731 2110 geminosque
750 2032 781 2091 in
803 2030 903 2092 limine
923 2030 1052 2100 Atridas,
1145 2042 1198 2095 500

177 2115 235 2176 vidi
256 2114 408 2178 lleeubam
431 2122 608 2196 centumque
629 2133 722 2178 nurus
741 2116 950 2196 Priamumque
970 2133 1025 2194 per
1047 2130 1112 2176 aras
1163 2175 1165 2177 ,

178 2199 319 2276 sanguine
341 2198 507 2261 foedantem
525 2218 600 2280 quos
620 2201 683 2279 ipse
701 2206 867 2263 sacraverat
886 2201 971 2278 ignis.

179 2283 388 2361 quinquaginta
408 2281 450 2344 illi
471 2283 604 2357 thalami,
626 2302 695 2363 spes
712 2284 807 2365 ampla
827 2293 983 2363 nepotum,

177 2363 334 2427 barbarico
356 2372 456 2445 postes
476 2385 549 2429 auro
570 2367 728 2448 spoliisque
745 2369 866 2447 superbi

178 2447 381 2527 procubuere;
405 2456 507 2511 tenent
527 2450 632 2521 bauai,
654 2468 712 2530 qua
734 2451 831 2514 deficit
852 2454 936 2531 ignis.
1144 2466 1197 2519 505

221 2532 355 2593 Forsitan
377 2538 405 2594 et
427 2531 536 2593 Priami
553 2532 662 2601 fuerint
683 2553 759 2613 quae
779 2535 837 2596 fata
859 2538 1001 2614 requiras.

177 2615 260 2678 urbis
281 2617 323 2677 uti
341 2622 444 2695 captae
466 2633 567 2678 casum
588 2617 783 2697 convolsaque
801 2618 872 2680 vidit

178 2698 277 2761 limina
299 2706 444 2761 tectorum
466 2705 495 2761 et
516 2699 646 2761 medium
666 2701 697 2761 in
716 2701 918 2780 penetralibus
937 2702 1068 2774 bostem,

179 2801 259 2845 arma
281 2783 331 2845 diu
354 2783 453 2845 senior
471 2782 592 2845 desueta
613 2784 807 2847 trementibus
827 2804 898 2847 aevo

178 2867 340 2929 circumdat
361 2868 540 2947 nequiquam
560 2868 671 2930 umens
692 2875 721 2930 et
741 2867 843 2932 inutile
864 2870 976 2932 ferrum
1144 2885 1197 2938 510

178 2951 304 3030 cingitur
325 2969 360 3012 ac
377 2950 484 3013 densos
506 2951 600 3015 fertur
621 2954 783 3016 moriturus
803 2956 834 3015 in
854 2954 956 3017 bostis.

178 3034 300 3097 aedibus
321 3037 351 3098 in
368 3036 472 3098 mediis
490 3037 629 3118 nudoque
649 3037 704 3100 sub
727 3039 854 3102 aetheris
877 3058 931 3102 axe

178 3119 281 3197 ingens
299 3138 351 3182 ara
370 3120 424 3181 fuit
440 3121 579 3202 iuxtaque
600 3124 756 3186 veterrima
777 3123 892 3194 lamus,

177 3201 352 3266 incumbens
372 3220 442 3268 arae
464 3212 552 3285 atque
572 3206 678 3269 umbra
699 3206 851 3286 complexa
871 3216 1001 3286 penates.

177 3285 226 3348 bio
247 3286 367 3350 Hecuba
388 3295 418 3350 et
436 3295 521 3351 natae
543 3290 721 3370 nequiquam
740 3289 841 3351 altaria
864 3292 988 3359 circum,
1144 3304 1196 3358 505

176 3372 352 3450 praecipites
373 3378 436 3433 atra
458 3390 513 3435 ceu
531 3379 704 3452 tempestate
725 3372 893 3447 columbae,

178 3456 343 3518 condensae
364 3462 393 3518 et
414 3455 511 3518 divom
532 3453 683 3534 amplexae
707 3455 863 3520 simulacra
884 3458 1033 3522 sedebant.

178 3540 274 3619 ipsum
295 3546 393 3602 autem
413 3542 538 3621 sumptis
558 3540 708 3605 Priamum
728 3542 909 3608 iuvenalibus
934 3546 1022 3606 armis
