2504 4094
406 233 547 280 vnnnlnl
569 233 696 282 Annnls
717 235 744 282 11

62 388 216 450 ascanium
238 386 443 466 Anchisenque
463 396 578 466 patrem
600 387 791 468 Teucrosque
810 393 924 470 penatis

60 470 234 534 commendo
256 473 342 531 sociis
362 478 390 532 et
413 489 501 532 curva
522 470 596 533 valle
616 472 756 534 recondo.

60 554 137 636 [ipse
158 552 264 615 urbem
286 561 388 633 repeto
408 562 437 616 et
458 557 560 635 cingor
578 553 757 633 fulgentibus
775 557 889 640 armis]

59 644 114 700 stat
136 655 222 700 casus
246 655 389 701 renovare
411 640 506 699 omnis
530 656 706 718 omnemque
727 644 834 703 reuerti
1027 655 1078 711 ,τω

58 740 113 803 por
133 721 253 783 Troiam
277 729 306 783 et
327 739 431 784 rursus
454 731 542 802 caput
563 721 710 784 obiectare
731 725 857 803 periclis.

58 806 204 886 principio
226 822 329 866 muros
349 804 536 884 obscuraque
559 804 659 868 limma
679 815 796 885 portae,

58 907 115 971 qua
137 900 273 968 gressum
295 888 471 961 extuleram,
491 896 609 969 repeto,
633 896 662 952 et
684 893 803 972 vestigia
822 901 904 955 retro

59 971 211 1036 observata
233 990 342 1052 sequor
364 990 418 1051 per
440 982 557 1036 noctem
578 982 606 1036 et
627 973 737 1037 lumine
754 975 858 1038 lustro.

58 1057 168 1119 horror
189 1056 299 1136 ubique
320 1057 434 1127 animo,
458 1056 545 1119 simul
565 1059 628 1138 ipsa
651 1058 763 1120 silentia
785 1068 906 1124 terrent.
1023 1073 1075 1128 75⁶

58 1140 126 1202 inde
146 1140 282 1212 domum,
304 1142 328 1201 si
350 1142 426 1201 forte
444 1142 567 1219 pedem,
591 1143 615 1202 si
635 1143 710 1205 forte
732 1142 859 1213 tulisset,

57 1242 104 1287 me
126 1224 235 1287 refero.
278 1225 430 1285 innuerent
451 1224 542 1286 Danai
563 1234 592 1287 et
613 1234 722 1288 tectum
744 1245 831 1288 omne
851 1226 999 1289 tenebant.

57 1307 136 1371 ilicet
158 1309 234 1388 ignis
255 1307 329 1368 edax
350 1325 463 1368 summa
483 1309 520 1368 ad
542 1308 655 1386 fastigia
677 1319 763 1371 vento

59 1391 198 1462 solvitur,
223 1397 401 1469 exsuperant
421 1390 571 1462 flammae,
594 1393 664 1453 furit
685 1399 782 1455 aestus
804 1395 841 1455 ad
862 1413 959 1456 auras.

57 1476 187 1554 procedo
212 1482 241 1537 et
259 1473 368 1535 Priami
385 1474 470 1536 sedes
491 1491 649 1554 arcemque
671 1477 775 1538 reviso.
1023 1491 1075 1546 reo

58 1560 165 1620 etiam
188 1557 351 1638 porticibus
371 1559 469 1620 vacuis
491 1558 610 1620 lunonis
631 1558 711 1640 asyle
779 1637 782 1641 .

58 1644 194 1705 custodes
215 1641 282 1705 lecti
304 1642 435 1704 Phoenix
456 1650 485 1704 et
506 1643 587 1704 dirus
608 1643 706 1706 Ulixes

59 1727 199 1805 praedam
219 1726 421 1788 adservabant.
466 1727 524 1788 huc
543 1727 673 1807 undique
694 1727 784 1789 Troia
805 1746 875 1807 gaza

58 1811 183 1872 incensis
206 1817 305 1887 erepta
326 1811 418 1891 adytis
442 1828 619 1890 mensaeque
640 1813 762 1874 deorum

59 1901 246 1972 crateresque
266 1911 338 1955 auro
361 1893 445 1955 solidi
466 1897 636 1974 captivaque
656 1897 743 1958 vestis

59 1978 236 2055 congeritur.
281 1979 366 2055 pueri
388 1986 417 2039 et
438 1979 559 2056 pavidae
579 1977 667 2058 longo
689 1979 791 2040 ordine
813 1986 922 2040 matres

58 2067 136 2121 stant
157 2062 275 2123 circum.

57 2161 146 2206 ausus
168 2147 238 2224 quin
261 2147 347 2206 etiam
367 2163 454 2206 voces
474 2148 583 2205 iactare
604 2162 658 2222 per
679 2143 816 2205 umbram

56 2227 174 2306 impleri
193 2228 323 2290 clamore
343 2230 418 2298 rias,
440 2234 626 2304 maestusque
646 2227 786 2288 Creusam

56 2313 236 2392 nequiquam
257 2312 439 2390 ingeminans
461 2312 627 2389 iterumque
648 2312 814 2388 iterumque
834 2315 943 2376 rocavi

57 2398 208 2477 quaerenti
230 2405 260 2459 et
280 2397 364 2459 tectis
385 2393 468 2456 urbis
488 2396 552 2455 sine
573 2395 631 2456 fine
645 2395 744 2456 ruenti

56 2481 156 2543 infelix
178 2481 366 2543 simulacrum
389 2486 476 2559 atque
498 2478 589 2561 lpsius
611 2479 717 2542 umbra
736 2478 863 2541 &cusae

55 2565 115 2626 risa
134 2565 206 2626 milri
228 2573 294 2627 ante
316 2564 417 2626 oeulos
437 2571 466 2627 et
486 2572 554 2626 nota
576 2566 669 2625 maior
690 2566 797 2641 imago.

57 2647 198 2728 obstipui,
220 2655 422 2728 steteruntque
444 2666 544 2710 comae
565 2657 594 2710 et
615 2667 670 2710 rox
692 2647 826 2710 faucibus
848 2649 950 2710 haesit.

58 2733 143 2810 ‘quid
164 2739 279 2794 tantum
300 2735 402 2794 meane
424 2735 502 2794 iuvat
519 2731 680 2812 indulgere.
691 2731 801 2801 dolori,

56 2833 74 2874 o
94 2814 188 2878 dulcis
210 2815 356 2877 coniunxi
378 2833 438 2875 non
459 2815 532 2877 haec
554 2818 617 2877 sine
638 2818 759 2877 numine
779 2816 874 2877 divom

57 2900 210 2966 eveniunt;
230 2905 333 2957 necte
354 2897 424 2957 hinc
442 2899 577 2958 comitem
602 2907 754 2976 asportare
776 2898 916 2962 Creusm

56 2981 100 3040 las
117 2985 167 3040 aut
187 2978 236 3040 ille
256 2978 324 3037 sinit
346 2980 447 3053 superi
468 2987 608 3054 regnator
628 2978 753 3058 Olympi.

56 3062 147 3139 longa
169 3060 222 3122 tibi
244 3058 344 3128 exilia,
367 3066 397 3119 et
416 3065 531 3120 vastum
551 3062 640 3121 maris
661 3078 773 3139 aequor
790 3062 947 3124 arandum:

58 3151 87 3204 et
108 3151 220 3205 terram
243 3142 415 3221 Hesperiam
438 3142 551 3213 venies,
573 3141 624 3203 ulai
645 3141 753 3222 Lydius
772 3160 840 3205 arva

57 3228 133 3287 inter
156 3230 251 3307 opima
271 3227 366 3289 virum
392 3225 451 3289 leni
471 3226 535 3288 nuit
556 3226 671 3305 agmine
693 3225 826 3306 Thybris.

58 3308 117 3371 illic
139 3328 187 3372 res
207 3310 301 3374 laetae
319 3327 503 3391 regnumque
525 3318 554 3372 et
574 3312 655 3390 rogia
677 3311 803 3373 coniunx

59 3493 117 3540 tum
138 3484 179 3541 sie
198 3482 283 3542 adiari
305 3489 431 3540 stouras
452 3483 495 3540 his
513 3484 620 3542 demere
641 3483 721 3541 dictis
