<?xml version="1.0" encoding="UTF-8"?>
<!DOCTYPE html PUBLIC "-//W3C//DTD XHTML 1.0 Transitional//EN"
    "http://www.w3.org/TR/xhtml1/DTD/xhtml1-transitional.dtd">
<html xmlns="http://www.w3.org/1999/xhtml" xml:lang="en" lang="en">
 <head>
  <title>
</title>
<meta http-equiv="Content-Type" content="text/html;charset=utf-8" />
  <meta name='ocr-system' content='tesseract 3.04.00' />
  <meta name='ocr-capabilities' content='ocr_page ocr_carea ocr_par ocr_line ocrx_word'/>
</head>
<body>
  <div class='ocr_page' id='page_1' title='image "./pvergilimaronis12virggoog/pvergilimaronis12virggoog_0013.png"; bbox 0 0 2512 4096; ppageno 0'>
   <div class='ocr_carea' id='block_1_1' title="bbox 190 250 890 351">
    <p class='ocr_par' dir='ltr' id='par_1_1' title="bbox 190 250 890 351">
     <span class='ocr_line' id='line_1_1' title="bbox 190 250 890 351; baseline -0.004 -1"><span class='ocrx_word' id='word_1_1' title='bbox 190 250 269 351; x_wconf 47' lang='lat'>111&#39;11</span> <span class='ocrx_word' id='word_1_2' title='bbox 496 297 544 345; x_wconf 80' lang='grc' dir='ltr'><strong>ΒΕ</strong></span> <span class='ocrx_word' id='word_1_3' title='bbox 565 296 648 347; x_wconf 71' lang='lat' dir='ltr'><strong>viui</strong></span> <span class='ocrx_word' id='word_1_4' title='bbox 670 296 715 345; x_wconf 76' lang='lat' dir='ltr'><strong>Eu</strong></span> <span class='ocrx_word' id='word_1_5' title='bbox 737 297 890 348; x_wconf 71' lang='lat' dir='ltr'><strong>sompnis</strong></span> 
     </span>
    </p>
   </div>
   <div class='ocr_carea' id='block_1_2' title="bbox 176 456 1207 2880">
    <p class='ocr_par' dir='ltr' id='par_1_2' title="bbox 189 456 1207 768">
     <span class='ocr_line' id='line_1_2' title="bbox 189 456 1207 533; baseline -0.001 -16"><span class='ocrx_word' id='word_1_6' title='bbox 189 459 297 517; x_wconf 81' lang='lat' dir='ltr'><strong>videtur</strong></span> <span class='ocrx_word' id='word_1_7' title='bbox 319 475 380 516; x_wconf 90' lang='lat' dir='ltr'><strong>cum</strong></span> <span class='ocrx_word' id='word_1_8' title='bbox 405 464 520 532; x_wconf 85' lang='lat' dir='ltr'><strong>propter</strong></span> <span class='ocrx_word' id='word_1_9' title='bbox 541 457 669 514; x_wconf 82' lang='lat' dir='ltr'><strong>acerbum</strong></span> <span class='ocrx_word' id='word_1_10' title='bbox 693 457 886 514; x_wconf 78' lang='lat' dir='ltr'><strong>mumacissimi</strong></span> <span class='ocrx_word' id='word_1_11' title='bbox 911 456 1027 514; x_wconf 86' lang='lat' dir='ltr'><strong>bominis</strong></span> <span class='ocrx_word' id='word_1_12' title='bbox 1055 458 1207 533; x_wconf 79' lang='lat' dir='ltr'><strong>ingenium.</strong></span> 
     </span>
     <span class='ocr_line' id='line_1_3' title="bbox 189 541 1206 615; baseline 0.001 -16"><span class='ocrx_word' id='word_1_13' title='bbox 189 543 336 604; x_wconf 77' lang='lat' dir='ltr'><strong>mitissimis</strong></span> <span class='ocrx_word' id='word_1_14' title='bbox 356 541 471 600; x_wconf 89' lang='lat' dir='ltr'><strong>Maronis</strong></span> <span class='ocrx_word' id='word_1_15' title='bbox 490 541 609 599; x_wconf 88' lang='lat' dir='ltr'><strong>moribus</strong></span> <span class='ocrx_word' id='word_1_16' title='bbox 624 542 732 598; x_wconf 89' lang='lat' dir='ltr'><strong>minime</strong></span> <span class='ocrx_word' id='word_1_17' title='bbox 747 543 925 604; x_wconf 83' lang='lat' dir='ltr'><strong>conveniens,</strong></span> <span class='ocrx_word' id='word_1_18' title='bbox 946 547 1003 597; x_wconf 88' lang='lat' dir='ltr'><strong>tum</strong></span> <span class='ocrx_word' id='word_1_19' title='bbox 1026 543 1089 615; x_wconf 86' lang='lat' dir='ltr'><strong>quia</strong></span> <span class='ocrx_word' id='word_1_20' title='bbox 1109 543 1206 600; x_wconf 85' lang='lat' dir='ltr'><strong>Caesa-</strong></span> 
     </span>
     <span class='ocr_line' id='line_1_4' title="bbox 191 624 1207 700; baseline -0.003 -14"><span class='ocrx_word' id='word_1_21' title='bbox 191 642 251 686; x_wconf 84' lang='lat' dir='ltr'><strong>rum</strong></span> <span class='ocrx_word' id='word_1_22' title='bbox 266 627 411 684; x_wconf 87' lang='lat' dir='ltr'><strong>acerrimus</strong></span> <span class='ocrx_word' id='word_1_23' title='bbox 427 626 578 700; x_wconf 76' lang='lat' dir='ltr'><strong>exagitator</strong></span> <span class='ocrx_word' id='word_1_24' title='bbox 593 635 667 684; x_wconf 91' lang='lat' dir='ltr'><strong>certc</strong></span> <span class='ocrx_word' id='word_1_25' title='bbox 682 642 776 683; x_wconf 91' lang='lat' dir='ltr'><strong>eorum</strong></span> <span class='ocrx_word' id='word_1_26' title='bbox 791 627 837 700; x_wconf 90' lang='lat' dir='ltr'><strong>qul</strong></span> <span class='ocrx_word' id='word_1_27' title='bbox 852 624 1012 682; x_wconf 75' lang='lat' dir='ltr'><strong>Maecenatis</strong></span> <span class='ocrx_word' id='word_1_28' title='bbox 1028 634 1055 682; x_wconf 90' lang='lat' dir='ltr'><strong>et</strong></span> <span class='ocrx_word' id='word_1_29' title='bbox 1067 624 1207 683; x_wconf 86' lang='lat' dir='ltr'><strong>Octaviani</strong></span> 
     </span>
     <span class='ocr_line' id='line_1_5' title="bbox 190 708 1036 768; baseline -0.001 -1"><span class='ocrx_word' id='word_1_30' title='bbox 190 709 332 767; x_wconf 75' lang='lat' dir='ltr'><strong>familiares</strong></span> <span class='ocrx_word' id='word_1_31' title='bbox 347 708 513 768; x_wconf 83' lang='lat' dir='ltr'><strong>habebantur</strong></span> <span class='ocrx_word' id='word_1_32' title='bbox 526 726 604 767; x_wconf 89' lang='lat' dir='ltr'><strong>usum</strong></span> <span class='ocrx_word' id='word_1_33' title='bbox 619 710 794 768; x_wconf 85' lang='lat' dir='ltr'><strong>declinavisse</strong></span> <span class='ocrx_word' id='word_1_34' title='bbox 810 709 969 767; x_wconf 90' lang='lat' dir='ltr'><strong>statuendus</strong></span> <span class='ocrx_word' id='word_1_35' title='bbox 985 718 1036 766; x_wconf 88' lang='lat' dir='ltr'><strong>est.</strong></span> 
     </span>
    </p>

    <p class='ocr_par' dir='ltr' id='par_1_3' title="bbox 190 792 1207 2297">
     <span class='ocr_line' id='line_1_6' title="bbox 273 792 1205 868; baseline -0.002 -15"><span class='ocrx_word' id='word_1_36' title='bbox 273 792 368 868; x_wconf 78' lang='lat' dir='ltr'><strong>Meque</strong></span> <span class='ocrx_word' id='word_1_37' title='bbox 388 810 448 850; x_wconf 89' lang='lat' dir='ltr'><strong>cum</strong></span> <span class='ocrx_word' id='word_1_38' title='bbox 469 793 548 851; x_wconf 79' lang='lat' dir='ltr'><strong>Calvo</strong></span> <span class='ocrx_word' id='word_1_39' title='bbox 570 804 616 851; x_wconf 87' lang='lat' dir='ltr'><strong>aut</strong></span> <span class='ocrx_word' id='word_1_40' title='bbox 635 794 755 851; x_wconf 90' lang='lat' dir='ltr'><strong>Varrone</strong></span> <span class='ocrx_word' id='word_1_41' title='bbox 773 793 886 850; x_wconf 78' lang='lat' dir='ltr'><strong>Atacino</strong></span> <span class='ocrx_word' id='word_1_42' title='bbox 906 792 991 849; x_wconf 93' lang='lat' dir='ltr'><strong>ullum</strong></span> <span class='ocrx_word' id='word_1_43' title='bbox 1012 796 1205 851; x_wconf 80' lang='lat' dir='ltr'><strong>commercium</strong></span> 
     </span>
     <span class='ocr_line' id='line_1_7' title="bbox 191 875 1205 952; baseline 0.001 -18"><span class='ocrx_word' id='word_1_44' title='bbox 191 875 318 937; x_wconf 87' lang='lat' dir='ltr'><strong>babuisse</strong></span> <span class='ocrx_word' id='word_1_45' title='bbox 337 876 467 941; x_wconf 83' lang='lat' dir='ltr'><strong>traditur,</strong></span> <span class='ocrx_word' id='word_1_46' title='bbox 491 894 607 952; x_wconf 88' lang='lat' dir='ltr'><strong>quorum</strong></span> <span class='ocrx_word' id='word_1_47' title='bbox 626 878 672 935; x_wconf 86' lang='lat' dir='ltr'><strong>illc</strong></span> <span class='ocrx_word' id='word_1_48' title='bbox 692 881 743 934; x_wconf 89' lang='lat' dir='ltr'><strong>iam</strong></span> <span class='ocrx_word' id='word_1_49' title='bbox 758 887 820 934; x_wconf 88' lang='lat' dir='ltr'><strong>ante</strong></span> <span class='ocrx_word' id='word_1_50' title='bbox 835 894 858 933; x_wconf 91' lang='lat' dir='ltr'><strong>a.</strong></span> <span class='ocrx_word' id='word_1_51' title='bbox 876 876 949 939; x_wconf 82' lang='lat'><strong>708,</strong></span> <span class='ocrx_word' id='word_1_52' title='bbox 971 894 1022 934; x_wconf 89' lang='lat' dir='ltr'><strong>nec</strong></span> <span class='ocrx_word' id='word_1_53' title='bbox 1035 877 1123 935; x_wconf 90' lang='lat' dir='ltr'><strong>multo</strong></span> <span class='ocrx_word' id='word_1_54' title='bbox 1138 886 1205 952; x_wconf 88' lang='lat' dir='ltr'><strong>post</strong></span> 
     </span>
     <span class='ocr_line' id='line_1_8' title="bbox 195 959 1207 1036; baseline 0.001 -19"><span class='ocrx_word' id='word_1_55' title='bbox 195 959 329 1019; x_wconf 85' lang='lat' dir='ltr'><strong>catullum</strong></span> <span class='ocrx_word' id='word_1_56' title='bbox 344 969 469 1017; x_wconf 90' lang='lat' dir='ltr'><strong>mortuus</strong></span> <span class='ocrx_word' id='word_1_57' title='bbox 484 970 538 1025; x_wconf 88' lang='lat' dir='ltr'><strong>est,</strong></span> <span class='ocrx_word' id='word_1_58' title='bbox 559 963 604 1020; x_wconf 91' lang='lat' dir='ltr'><strong>hlc</strong></span> <span class='ocrx_word' id='word_1_59' title='bbox 619 963 737 1036; x_wconf 88' lang='lat' dir='ltr'><strong>quamvis</strong></span> <span class='ocrx_word' id='word_1_60' title='bbox 753 978 768 1017; x_wconf 94' lang='lat' dir='ltr'><strong>a</strong></span> <span class='ocrx_word' id='word_1_61' title='bbox 781 961 903 1035; x_wconf 75' lang='lat' dir='ltr'><strong>Vergilio</strong></span> <span class='ocrx_word' id='word_1_62' title='bbox 918 961 982 1016; x_wconf 89' lang='lat' dir='ltr'><strong>dum</strong></span> <span class='ocrx_word' id='word_1_63' title='bbox 997 961 1114 1017; x_wconf 79' lang='lat' dir='ltr'><strong>Aeneida</strong></span> <span class='ocrx_word' id='word_1_64' title='bbox 1129 977 1207 1018; x_wconf 90' lang='lat' dir='ltr'><strong>com·</strong></span> 
     </span>
     <span class='ocr_line' id='line_1_9' title="bbox 190 1044 1207 1121; baseline 0 -19"><span class='ocrx_word' id='word_1_65' title='bbox 190 1044 308 1119; x_wconf 87' lang='lat' dir='ltr'><strong>ponebat</strong></span> <span class='ocrx_word' id='word_1_66' title='bbox 327 1046 436 1103; x_wconf 87' lang='lat' dir='ltr'><strong>minima</strong></span> <span class='ocrx_word' id='word_1_67' title='bbox 455 1054 641 1121; x_wconf 86' lang='lat' dir='ltr'><strong>contemptus.</strong></span> <span class='ocrx_word' id='word_1_68' title='bbox 667 1054 757 1103; x_wconf 88' lang='lat' dir='ltr'><strong>tamen</strong></span> <span class='ocrx_word' id='word_1_69' title='bbox 779 1046 857 1102; x_wconf 88' lang='lat' dir='ltr'><strong>initio</strong></span> <span class='ocrx_word' id='word_1_70' title='bbox 879 1044 978 1102; x_wconf 87' lang='lat' dir='ltr'><strong>saeculi</strong></span> <span class='ocrx_word' id='word_1_71' title='bbox 1006 1046 1092 1101; x_wconf 88' lang='lat' dir='ltr'><strong>octavi</strong></span> <span class='ocrx_word' id='word_1_72' title='bbox 1115 1061 1207 1120; x_wconf 85' lang='lat' dir='ltr'><strong>neque</strong></span> 
     </span>
     <span class='ocr_line' id='line_1_10' title="bbox 192 1128 1206 1203; baseline 0 -17"><span class='ocrx_word' id='word_1_73' title='bbox 192 1137 299 1186; x_wconf 86' lang='lat' dir='ltr'><strong>constat</strong></span> <span class='ocrx_word' id='word_1_74' title='bbox 313 1145 378 1186; x_wconf 89' lang='lat' dir='ltr'><strong>num</strong></span> <span class='ocrx_word' id='word_1_75' title='bbox 395 1130 505 1186; x_wconf 90' lang='lat' dir='ltr'><strong>omnino</strong></span> <span class='ocrx_word' id='word_1_76' title='bbox 521 1128 620 1187; x_wconf 84' lang='lat' dir='ltr'><strong>Romae</strong></span> <span class='ocrx_word' id='word_1_77' title='bbox 636 1130 717 1186; x_wconf 88' lang='lat' dir='ltr'><strong>luerit</strong></span> <span class='ocrx_word' id='word_1_78' title='bbox 738 1137 765 1186; x_wconf 90' lang='lat' dir='ltr'><strong>ct</strong></span> <span class='ocrx_word' id='word_1_79' title='bbox 785 1137 907 1186; x_wconf 84' lang='lat' dir='ltr'><strong>veterum</strong></span> <span class='ocrx_word' id='word_1_80' title='bbox 924 1130 969 1203; x_wconf 89' lang='lat' dir='ltr'><strong>qul</strong></span> <span class='ocrx_word' id='word_1_81' title='bbox 991 1130 1117 1185; x_wconf 90' lang='lat' dir='ltr'><strong>dicuntur</strong></span> <span class='ocrx_word' id='word_1_82' title='bbox 1137 1146 1206 1203; x_wconf 86' lang='lat' dir='ltr'><strong>poe·</strong></span> 
     </span>
     <span class='ocr_line' id='line_1_11' title="bbox 194 1211 1203 1289; baseline 0 -20"><span class='ocrx_word' id='word_1_83' title='bbox 194 1219 282 1269; x_wconf 67' lang='lat' dir='ltr'><strong>mum</strong></span> <span class='ocrx_word' id='word_1_84' title='bbox 298 1212 385 1269; x_wconf 88' lang='lat' dir='ltr'><strong>ordini</strong></span> <span class='ocrx_word' id='word_1_85' title='bbox 400 1215 437 1270; x_wconf 89' lang='lat' dir='ltr'><strong>ita</strong></span> <span class='ocrx_word' id='word_1_86' title='bbox 451 1215 584 1289; x_wconf 87' lang='lat' dir='ltr'><strong>ascriptus</strong></span> <span class='ocrx_word' id='word_1_87' title='bbox 599 1213 660 1276; x_wconf 87' lang='lat' dir='ltr'><strong>luit,</strong></span> <span class='ocrx_word' id='word_1_88' title='bbox 676 1220 706 1269; x_wconf 93' lang='lat' dir='ltr'><strong>ut</strong></span> <span class='ocrx_word' id='word_1_89' title='bbox 721 1229 758 1270; x_wconf 85' lang='lat' dir='ltr'><strong>ue</strong></span> <span class='ocrx_word' id='word_1_90' title='bbox 773 1212 886 1271; x_wconf 85' lang='lat' dir='ltr'><strong>Graecas</strong></span> <span class='ocrx_word' id='word_1_91' title='bbox 901 1211 1009 1286; x_wconf 88' lang='lat' dir='ltr'><strong>quidem</strong></span> <span class='ocrx_word' id='word_1_92' title='bbox 1023 1212 1128 1269; x_wconf 85' lang='lat' dir='ltr'><strong>litteras</strong></span> <span class='ocrx_word' id='word_1_93' title='bbox 1143 1220 1203 1269; x_wconf 91' lang='lat' dir='ltr'><strong>tum</strong></span> 
     </span>
     <span class='ocr_line' id='line_1_12' title="bbox 195 1296 1205 1373; baseline 0.001 -21"><span class='ocrx_word' id='word_1_94' title='bbox 195 1296 314 1354; x_wconf 87' lang='lat' dir='ltr'><strong>calleret.</strong></span> <span class='ocrx_word' id='word_1_95' title='bbox 357 1297 405 1354; x_wconf 86' lang='lat' dir='ltr'><strong>sed</strong></span> <span class='ocrx_word' id='word_1_96' title='bbox 425 1297 561 1373; x_wconf 75' lang='lat' dir='ltr'><strong>Vergilius</strong></span> <span class='ocrx_word' id='word_1_97' title='bbox 589 1316 604 1354; x_wconf 89' lang='lat' dir='ltr'><strong>a</strong></span> <span class='ocrx_word' id='word_1_98' title='bbox 630 1297 808 1361; x_wconf 84' lang='lat' dir='ltr'><strong>Graecorum,</strong></span> <span class='ocrx_word' id='word_1_99' title='bbox 829 1297 941 1353; x_wconf 80' lang='lat' dir='ltr'><strong>maximo</strong></span> <span class='ocrx_word' id='word_1_100' title='bbox 963 1296 1205 1354; x_wconf 76' lang='lat' dir='ltr'><strong>Alexandrinorum</strong></span> 
     </span>
     <span class='ocr_line' id='line_1_13' title="bbox 194 1379 1203 1458; baseline 0.003 -22"><span class='ocrx_word' id='word_1_101' title='bbox 194 1387 336 1453; x_wconf 86' lang='lat' dir='ltr'><strong>poetarum</strong></span> <span class='ocrx_word' id='word_1_102' title='bbox 350 1381 498 1439; x_wconf 89' lang='lat' dir='ltr'><strong>imitatione</strong></span> <span class='ocrx_word' id='word_1_103' title='bbox 510 1382 714 1458; x_wconf 79' lang='lat' dir='ltr'><strong>diligentissima</strong></span> <span class='ocrx_word' id='word_1_104' title='bbox 728 1379 866 1455; x_wconf 83' lang='lat' dir='ltr'><strong>proiectus</strong></span> <span class='ocrx_word' id='word_1_105' title='bbox 881 1380 954 1436; x_wconf 87' lang='lat' dir='ltr'><strong>inter</strong></span> <span class='ocrx_word' id='word_1_106' title='bbox 966 1379 1101 1438; x_wconf 83' lang='lat' dir='ltr'><strong>Romanos</strong></span> <span class='ocrx_word' id='word_1_107' title='bbox 1117 1382 1203 1455; x_wconf 79' lang='lat' dir='ltr'><strong>prime</strong></span> 
     </span>
     <span class='ocr_line' id='line_1_14' title="bbox 194 1463 1205 1539; baseline 0.002 -20"><span class='ocrx_word' id='word_1_108' title='bbox 194 1464 259 1520; x_wconf 81' lang='lat' dir='ltr'><strong>artis</strong></span> <span class='ocrx_word' id='word_1_109' title='bbox 279 1480 344 1521; x_wconf 87' lang='lat' dir='ltr'><strong>suae</strong></span> <span class='ocrx_word' id='word_1_110' title='bbox 366 1473 453 1521; x_wconf 85' lang='lat' dir='ltr'><strong>aetate</strong></span> <span class='ocrx_word' id='word_1_111' title='bbox 467 1468 580 1523; x_wconf 74' lang='lat' dir='ltr'><strong>maxime</strong></span> <span class='ocrx_word' id='word_1_112' title='bbox 594 1466 738 1523; x_wconf 86' lang='lat' dir='ltr'><strong>admiratus</strong></span> <span class='ocrx_word' id='word_1_113' title='bbox 754 1471 796 1521; x_wconf 88' lang='lat' dir='ltr'><strong>est</strong></span> <span class='ocrx_word' id='word_1_114' title='bbox 813 1464 944 1537; x_wconf 70' lang='lat' dir='ltr'><strong>Ciconum,</strong></span> <span class='ocrx_word' id='word_1_115' title='bbox 962 1463 1089 1539; x_wconf 76' lang='lat' dir='ltr'><strong>Smyrnae</strong></span> <span class='ocrx_word' id='word_1_116' title='bbox 1111 1472 1205 1522; x_wconf 91' lang='lat' dir='ltr'><strong>aucto·</strong></span> 
     </span>
     <span class='ocr_line' id='line_1_15' title="bbox 191 1547 1206 1622; baseline 0.002 -19"><span class='ocrx_word' id='word_1_117' title='bbox 191 1563 248 1606; x_wconf 89' lang='lat' dir='ltr'><strong>rem</strong></span> <span class='ocrx_word' id='word_1_118' title='bbox 274 1547 499 1612; x_wconf 85' lang='lat' dir='ltr'><strong>eruditissimum,</strong></span> <span class='ocrx_word' id='word_1_119' title='bbox 524 1557 551 1606; x_wconf 90' lang='lat' dir='ltr'><strong>et</strong></span> <span class='ocrx_word' id='word_1_120' title='bbox 580 1551 696 1608; x_wconf 71' lang='lat' dir='ltr'><strong>Varium</strong></span> <span class='ocrx_word' id='word_1_121' title='bbox 723 1547 784 1622; x_wconf 85' lang='lat' dir='ltr'><strong>(ecl.</strong></span> <span class='ocrx_word' id='word_1_122' title='bbox 806 1547 840 1605; x_wconf 89' lang='lat' dir='ltr'><strong>lll</strong></span> <span class='ocrx_word' id='word_1_123' title='bbox 860 1547 925 1621; x_wconf 84' lang='lat'>35),</span> <span class='ocrx_word' id='word_1_124' title='bbox 953 1549 1030 1605; x_wconf 91' lang='lat' dir='ltr'><strong>cuius</strong></span> <span class='ocrx_word' id='word_1_125' title='bbox 1054 1549 1088 1604; x_wconf 89' lang='lat' dir='ltr'><strong>de</strong></span> <span class='ocrx_word' id='word_1_126' title='bbox 1114 1556 1206 1606; x_wconf 87' lang='lat' dir='ltr'><strong>morte</strong></span> 
     </span>
     <span class='ocr_line' id='line_1_16' title="bbox 192 1630 1204 1706; baseline -0.001 -19"><span class='ocrx_word' id='word_1_127' title='bbox 192 1630 311 1688; x_wconf 82' lang='lat' dir='ltr'><strong>Caesaris</strong></span> <span class='ocrx_word' id='word_1_128' title='bbox 325 1647 421 1706; x_wconf 87' lang='lat' dir='ltr'><strong>poema</strong></span> <span class='ocrx_word' id='word_1_129' title='bbox 435 1639 501 1690; x_wconf 88' lang='lat' dir='ltr'><strong>tunc</strong></span> <span class='ocrx_word' id='word_1_130' title='bbox 514 1634 620 1690; x_wconf 90' lang='lat' dir='ltr'><strong>illustre</strong></span> <span class='ocrx_word' id='word_1_131' title='bbox 640 1633 724 1690; x_wconf 91' lang='lat' dir='ltr'><strong>iuissc</strong></span> <span class='ocrx_word' id='word_1_132' title='bbox 739 1633 857 1695; x_wconf 86' lang='lat' dir='ltr'><strong>conicio,</strong></span> <span class='ocrx_word' id='word_1_133' title='bbox 880 1640 907 1688; x_wconf 87' lang='lat' dir='ltr'><strong>et</strong></span> <span class='ocrx_word' id='word_1_134' title='bbox 921 1633 1077 1691; x_wconf 79' lang='lat' dir='ltr'><strong>Pollionem</strong></span> <span class='ocrx_word' id='word_1_135' title='bbox 1093 1631 1154 1705; x_wconf 91' lang='lat' dir='ltr'><strong>(ecl.</strong></span> <span class='ocrx_word' id='word_1_136' title='bbox 1172 1631 1204 1687; x_wconf 95' lang='lat' dir='ltr'><strong>lll</strong></span> 
     </span>
     <span class='ocr_line' id='line_1_17' title="bbox 192 1714 1202 1791; baseline -0.002 -18"><span class='ocrx_word' id='word_1_137' title='bbox 192 1715 243 1773; x_wconf 86' lang='grc'><strong>86.</strong></span> <span class='ocrx_word' id='word_1_138' title='bbox 257 1714 313 1773; x_wconf 83' lang='lat' dir='ltr'><strong>vill</strong></span> <span class='ocrx_word' id='word_1_139' title='bbox 329 1715 394 1790; x_wconf 88' lang='grc'>10),</span> <span class='ocrx_word' id='word_1_140' title='bbox 419 1718 465 1791; x_wconf 90' lang='lat' dir='ltr'><strong>qui</strong></span> <span class='ocrx_word' id='word_1_141' title='bbox 480 1716 567 1774; x_wconf 76' lang='lat' dir='ltr'><strong>‘noua</strong></span> <span class='ocrx_word' id='word_1_142' title='bbox 581 1717 721 1782; x_wconf 88' lang='lat' dir='ltr'><strong>carmina’‚</strong></span> <span class='ocrx_word' id='word_1_143' title='bbox 743 1717 771 1773; x_wconf 92' lang='lat' dir='ltr'><strong>h.</strong></span> <span class='ocrx_word' id='word_1_144' title='bbox 787 1733 812 1774; x_wconf 93' lang='lat' dir='ltr'><strong>e.</strong></span> <span class='ocrx_word' id='word_1_145' title='bbox 834 1716 865 1772; x_wconf 92' lang='lat' dir='ltr'><strong>ad</strong></span> <span class='ocrx_word' id='word_1_146' title='bbox 887 1733 983 1773; x_wconf 86' lang='lat' dir='ltr'><strong>novam</strong></span> <span class='ocrx_word' id='word_1_147' title='bbox 999 1718 1064 1772; x_wconf 91' lang='lat' dir='ltr'><strong>artis</strong></span> <span class='ocrx_word' id='word_1_148' title='bbox 1079 1716 1202 1791; x_wconf 77' lang='lat' dir='ltr'><strong>regulam</strong></span> 
     </span>
     <span class='ocr_line' id='line_1_18' title="bbox 193 1798 1204 1876; baseline -0.001 -21"><span class='ocrx_word' id='word_1_149' title='bbox 193 1799 311 1856; x_wconf 88' lang='lat' dir='ltr'><strong>elimatas</strong></span> <span class='ocrx_word' id='word_1_150' title='bbox 333 1800 485 1876; x_wconf 78' lang='lat' dir='ltr'><strong>tragoedias</strong></span> <span class='ocrx_word' id='word_1_151' title='bbox 507 1799 677 1876; x_wconf 76' lang='lat' dir='ltr'><strong>‘Sophocleo</strong></span> <span class='ocrx_word' id='word_1_152' title='bbox 705 1800 972 1876; x_wconf 29' lang='lat' dir='ltr'><strong>dignas-cctlrurno’</strong></span> <span class='ocrx_word' id='word_1_153' title='bbox 995 1798 1118 1857; x_wconf 87' lang='lat' dir='ltr'><strong>iaciebat.</strong></span> <span class='ocrx_word' id='word_1_154' title='bbox 1156 1798 1204 1855; x_wconf 87' lang='lat' dir='ltr'><strong>scd</strong></span> 
     </span>
     <span class='ocr_line' id='line_1_19' title="bbox 192 1881 1203 1960; baseline -0.002 -21"><span class='ocrx_word' id='word_1_155' title='bbox 192 1881 256 1940; x_wconf 92' lang='lat' dir='ltr'><strong>bulc</strong></span> <span class='ocrx_word' id='word_1_156' title='bbox 275 1884 428 1941; x_wconf 87' lang='lat' dir='ltr'><strong>innotuisse</strong></span> <span class='ocrx_word' id='word_1_157' title='bbox 442 1886 486 1941; x_wconf 83' lang='lat' dir='ltr'><strong>rix</strong></span> <span class='ocrx_word' id='word_1_158' title='bbox 500 1892 592 1960; x_wconf 87' lang='lat' dir='ltr'><strong>potest</strong></span> <span class='ocrx_word' id='word_1_159' title='bbox 606 1892 669 1942; x_wconf 85' lang='lat' dir='ltr'><strong>ante</strong></span> <span class='ocrx_word' id='word_1_160' title='bbox 684 1901 782 1942; x_wconf 90' lang='lat' dir='ltr'><strong>annum</strong></span> <span class='ocrx_word' id='word_1_161' title='bbox 799 1885 872 1948; x_wconf 79' lang='lat'><strong>706,</strong></span> <span class='ocrx_word' id='word_1_162' title='bbox 897 1899 950 1958; x_wconf 88' lang='lat' dir='ltr'><strong>quo</strong></span> <span class='ocrx_word' id='word_1_163' title='bbox 966 1883 1050 1940; x_wconf 81' lang='lat' dir='ltr'><strong>redux</strong></span> <span class='ocrx_word' id='word_1_164' title='bbox 1065 1882 1153 1940; x_wconf 88' lang='lat' dir='ltr'><strong>Pollio</strong></span> <span class='ocrx_word' id='word_1_165' title='bbox 1170 1899 1203 1938; x_wconf 85' lang='lat' dir='ltr'><strong>ex</strong></span> 
     </span>
     <span class='ocr_line' id='line_1_20' title="bbox 192 1965 1204 2042; baseline -0.001 -19"><span class='ocrx_word' id='word_1_166' title='bbox 192 1965 264 2024; x_wconf 88' lang='lat' dir='ltr'><strong>ballo</strong></span> <span class='ocrx_word' id='word_1_167' title='bbox 278 1967 432 2026; x_wconf 89' lang='lat' dir='ltr'><strong>Pharsalico</strong></span> <span class='ocrx_word' id='word_1_168' title='bbox 447 1967 546 2027; x_wconf 84' lang='lat' dir='ltr'><strong>Romae</strong></span> <span class='ocrx_word' id='word_1_169' title='bbox 561 1969 715 2026; x_wconf 85' lang='lat' dir='ltr'><strong>adversatus</strong></span> <span class='ocrx_word' id='word_1_170' title='bbox 731 1974 772 2025; x_wconf 88' lang='lat' dir='ltr'><strong>est</strong></span> <span class='ocrx_word' id='word_1_171' title='bbox 787 1966 938 2026; x_wconf 84' lang='lat' dir='ltr'><strong>Dolabellae</strong></span> <span class='ocrx_word' id='word_1_172' title='bbox 954 1966 1035 2042; x_wconf 85' lang='lat' dir='ltr'><strong>(Plut.</strong></span> <span class='ocrx_word' id='word_1_173' title='bbox 1049 1968 1149 2023; x_wconf 82' lang='lat' dir='ltr'><strong>Anton.</strong></span> <span class='ocrx_word' id='word_1_174' title='bbox 1164 1965 1204 2039; x_wconf 83' lang='lat'><strong>9).</strong></span> 
     </span>
     <span class='ocr_line' id='line_1_21' title="bbox 192 2051 1204 2128; baseline -0.004 -20"><span class='ocrx_word' id='word_1_175' title='bbox 192 2059 312 2109; x_wconf 88' lang='lat' dir='ltr'><strong>ceterum</strong></span> <span class='ocrx_word' id='word_1_176' title='bbox 331 2054 467 2111; x_wconf 88' lang='lat' dir='ltr'><strong>nescimus</strong></span> <span class='ocrx_word' id='word_1_177' title='bbox 489 2070 567 2128; x_wconf 87' lang='lat' dir='ltr'><strong>quam</strong></span> <span class='ocrx_word' id='word_1_178' title='bbox 594 2053 640 2109; x_wconf 84' lang='lat' dir='ltr'><strong>diu</strong></span> <span class='ocrx_word' id='word_1_179' title='bbox 664 2059 746 2127; x_wconf 83' lang='lat' dir='ltr'><strong>poeta</strong></span> <span class='ocrx_word' id='word_1_180' title='bbox 764 2059 859 2110; x_wconf 91' lang='lat' dir='ltr'><strong>noster</strong></span> <span class='ocrx_word' id='word_1_181' title='bbox 881 2052 944 2109; x_wconf 87' lang='lat' dir='ltr'><strong>dum</strong></span> <span class='ocrx_word' id='word_1_182' title='bbox 964 2051 1061 2108; x_wconf 88' lang='lat' dir='ltr'><strong>studiis</strong></span> <span class='ocrx_word' id='word_1_183' title='bbox 1082 2052 1204 2107; x_wconf 85' lang='lat' dir='ltr'><strong>intentus</strong></span> 
     </span>
     <span class='ocr_line' id='line_1_22' title="bbox 193 2135 1205 2211; baseline -0.001 -20"><span class='ocrx_word' id='word_1_184' title='bbox 193 2143 251 2192; x_wconf 87' lang='lat' dir='ltr'><strong>erat</strong></span> <span class='ocrx_word' id='word_1_185' title='bbox 269 2137 298 2191; x_wconf 88' lang='lat' dir='ltr'><strong>in</strong></span> <span class='ocrx_word' id='word_1_186' title='bbox 313 2135 381 2194; x_wconf 92' lang='lat' dir='ltr'><strong>urbe</strong></span> <span class='ocrx_word' id='word_1_187' title='bbox 395 2147 576 2197; x_wconf 87' lang='lat' dir='ltr'><strong>commoratus</strong></span> <span class='ocrx_word' id='word_1_188' title='bbox 591 2139 641 2201; x_wconf 89' lang='lat' dir='ltr'><strong>sit,</strong></span> <span class='ocrx_word' id='word_1_189' title='bbox 664 2137 771 2210; x_wconf 89' lang='lat' dir='ltr'><strong>quando</strong></span> <span class='ocrx_word' id='word_1_190' title='bbox 787 2136 897 2193; x_wconf 87' lang='lat' dir='ltr'><strong>redierit</strong></span> <span class='ocrx_word' id='word_1_191' title='bbox 918 2136 951 2192; x_wconf 81' lang='lat' dir='ltr'><strong>acl</strong></span> <span class='ocrx_word' id='word_1_192' title='bbox 970 2144 1096 2211; x_wconf 82' lang='lat' dir='ltr'><strong>parentas</strong></span> <span class='ocrx_word' id='word_1_193' title='bbox 1112 2150 1205 2209; x_wconf 82' lang='lat' dir='ltr'><strong>quam</strong></span> 
     </span>
     <span class='ocr_line' id='line_1_23' title="bbox 194 2219 1205 2297; baseline 0.001 -24"><span class='ocrx_word' id='word_1_194' title='bbox 194 2233 247 2292; x_wconf 90' lang='lat' dir='ltr'><strong>quc</strong></span> <span class='ocrx_word' id='word_1_195' title='bbox 267 2219 373 2276; x_wconf 85' lang='lat' dir='ltr'><strong>assidue</strong></span> <span class='ocrx_word' id='word_1_196' title='bbox 391 2222 432 2278; x_wconf 87' lang='lat' dir='ltr'><strong>vel</strong></span> <span class='ocrx_word' id='word_1_197' title='bbox 452 2223 548 2297; x_wconf 85' lang='lat' dir='ltr'><strong>quibus</strong></span> <span class='ocrx_word' id='word_1_198' title='bbox 564 2221 664 2279; x_wconf 84' lang='lat' dir='ltr'><strong>uicibus</strong></span> <span class='ocrx_word' id='word_1_199' title='bbox 685 2223 756 2278; x_wconf 92' lang='lat' dir='ltr'><strong>iutra</strong></span> <span class='ocrx_word' id='word_1_200' title='bbox 775 2222 826 2277; x_wconf 91' lang='lat' dir='ltr'><strong>hos</strong></span> <span class='ocrx_word' id='word_1_201' title='bbox 846 2236 931 2277; x_wconf 89' lang='lat' dir='ltr'><strong>annos</strong></span> <span class='ocrx_word' id='word_1_202' title='bbox 952 2221 980 2276; x_wconf 89' lang='lat' dir='ltr'><strong>iu</strong></span> <span class='ocrx_word' id='word_1_203' title='bbox 1002 2237 1068 2293; x_wconf 82' lang='lat' dir='ltr'><strong>agro</strong></span> <span class='ocrx_word' id='word_1_204' title='bbox 1089 2225 1205 2293; x_wconf 87' lang='lat' dir='ltr'><strong>paterno</strong></span> 
     </span>
    </p>

    <p class='ocr_par' dir='ltr' id='par_1_4' title="bbox 176 2301 431 2359">
     <span class='ocr_line' id='line_1_24' title="bbox 176 2301 431 2359; baseline 0 0"><span class='ocrx_word' id='word_1_205' title='bbox 176 2301 252 2359; x_wconf 86' lang='lat' dir='ltr'><strong>-otio</strong></span> <span class='ocrx_word' id='word_1_206' title='bbox 266 2301 372 2358; x_wconf 89' lang='lat' dir='ltr'><strong>iructus</strong></span> <span class='ocrx_word' id='word_1_207' title='bbox 386 2304 431 2359; x_wconf 89' lang='lat' dir='ltr'><strong>sit.</strong></span> 
     </span>
    </p>

    <p class='ocr_par' dir='ltr' id='par_1_5' title="bbox 194 2383 1205 2880">
     <span class='ocr_line' id='line_1_25' title="bbox 277 2383 1204 2461; baseline 0.001 -20"><span class='ocrx_word' id='word_1_208' title='bbox 277 2383 418 2442; x_wconf 87' lang='lat' dir='ltr'><strong>Probabile</strong></span> <span class='ocrx_word' id='word_1_209' title='bbox 441 2397 528 2446; x_wconf 90' lang='lat' dir='ltr'><strong>tamen</strong></span> <span class='ocrx_word' id='word_1_210' title='bbox 544 2395 585 2444; x_wconf 89' lang='lat' dir='ltr'><strong>est</strong></span> <span class='ocrx_word' id='word_1_211' title='bbox 605 2387 705 2444; x_wconf 85' lang='lat' dir='ltr'><strong>Romae</strong></span> <span class='ocrx_word' id='word_1_212' title='bbox 720 2405 781 2445; x_wconf 90' lang='lat' dir='ltr'><strong>cum</strong></span> <span class='ocrx_word' id='word_1_213' title='bbox 802 2386 901 2452; x_wconf 82' lang='lat' dir='ltr'><strong>luisse,</strong></span> <span class='ocrx_word' id='word_1_214' title='bbox 922 2403 984 2444; x_wconf 91' lang='lat' dir='ltr'><strong>cum</strong></span> <span class='ocrx_word' id='word_1_215' title='bbox 998 2403 1098 2461; x_wconf 74' lang='lat' dir='ltr'><strong>magno</strong></span> <span class='ocrx_word' id='word_1_216' title='bbox 1115 2395 1144 2442; x_wconf 91' lang='lat' dir='ltr'><strong>ut</strong></span> <span class='ocrx_word' id='word_1_217' title='bbox 1159 2402 1204 2443; x_wconf 92' lang='lat' dir='ltr'><strong>so·</strong></span> 
     </span>
     <span class='ocr_line' id='line_1_26' title="bbox 195 2467 1204 2546; baseline 0.003 -22"><span class='ocrx_word' id='word_1_218' title='bbox 195 2467 253 2525; x_wconf 88' lang='lat' dir='ltr'><strong>lent</strong></span> <span class='ocrx_word' id='word_1_219' title='bbox 266 2467 387 2525; x_wconf 86' lang='lat' dir='ltr'><strong>noudum</strong></span> <span class='ocrx_word' id='word_1_220' title='bbox 408 2470 498 2529; x_wconf 89' lang='lat' dir='ltr'><strong>adulta</strong></span> <span class='ocrx_word' id='word_1_221' title='bbox 517 2471 625 2546; x_wconf 76' lang='lat' dir='ltr'><strong>ingenia</strong></span> <span class='ocrx_word' id='word_1_222' title='bbox 640 2473 780 2528; x_wconf 89' lang='lat' dir='ltr'><strong>conamine</strong></span> <span class='ocrx_word' id='word_1_223' title='bbox 800 2478 863 2543; x_wconf 91' lang='lat' dir='ltr'><strong>post</strong></span> <span class='ocrx_word' id='word_1_224' title='bbox 883 2471 987 2529; x_wconf 89' lang='lat' dir='ltr'><strong>minora</strong></span> <span class='ocrx_word' id='word_1_225' title='bbox 1001 2471 1130 2544; x_wconf 87' lang='lat' dir='ltr'><strong>quaedam</strong></span> <span class='ocrx_word' id='word_1_226' title='bbox 1147 2486 1204 2527; x_wconf 87' lang='lat' dir='ltr'><strong>car·</strong></span> 
     </span>
     <span class='ocr_line' id='line_1_27' title="bbox 194 2553 1203 2628; baseline 0.004 -21"><span class='ocrx_word' id='word_1_227' title='bbox 194 2553 280 2617; x_wconf 85' lang='lat' dir='ltr'><strong>mina.</strong></span> <span class='ocrx_word' id='word_1_228' title='bbox 302 2568 419 2626; x_wconf 85' lang='lat' dir='ltr'><strong>quorum</strong></span> <span class='ocrx_word' id='word_1_229' title='bbox 438 2563 512 2612; x_wconf 89' lang='lat' dir='ltr'><strong>certa</strong></span> <span class='ocrx_word' id='word_1_230' title='bbox 531 2556 660 2611; x_wconf 88' lang='lat' dir='ltr'><strong>memoria</strong></span> <span class='ocrx_word' id='word_1_231' title='bbox 682 2555 778 2628; x_wconf 86' lang='lat' dir='ltr'><strong>periit,</strong></span> <span class='ocrx_word' id='word_1_232' title='bbox 804 2568 854 2610; x_wconf 85' lang='lat' dir='ltr'><strong>res</strong></span> <span class='ocrx_word' id='word_1_233' title='bbox 873 2554 1023 2611; x_wconf 84' lang='lat' dir='ltr'><strong>Romanus</strong></span> <span class='ocrx_word' id='word_1_234' title='bbox 1045 2556 1101 2610; x_wconf 88' lang='lat' dir='ltr'><strong>sive</strong></span> <span class='ocrx_word' id='word_1_235' title='bbox 1119 2560 1203 2628; x_wconf 70' lang='lat' dir='ltr'><strong>qesta</strong></span> 
     </span>
     <span class='ocr_line' id='line_1_28' title="bbox 195 2634 1205 2713; baseline 0 -21"><span class='ocrx_word' id='word_1_236' title='bbox 195 2634 294 2712; x_wconf 67' lang='lat' dir='ltr'><strong>renunt</strong></span> <span class='ocrx_word' id='word_1_237' title='bbox 308 2636 486 2696; x_wconf 81' lang='lat' dir='ltr'><strong>Albanorum</strong></span> <span class='ocrx_word' id='word_1_238' title='bbox 501 2639 577 2713; x_wconf 89' lang='lat' dir='ltr'><strong>cpico</strong></span> <span class='ocrx_word' id='word_1_239' title='bbox 591 2646 716 2711; x_wconf 88' lang='lat' dir='ltr'><strong>poemate</strong></span> <span class='ocrx_word' id='word_1_240' title='bbox 730 2652 838 2694; x_wconf 86' lang='lat' dir='ltr'><strong>narrare</strong></span> <span class='ocrx_word' id='word_1_241' title='bbox 852 2639 956 2711; x_wconf 84' lang='lat' dir='ltr'><strong>coepit,</strong></span> <span class='ocrx_word' id='word_1_242' title='bbox 972 2638 1020 2695; x_wconf 86' lang='lat' dir='ltr'><strong>sed</strong></span> <span class='ocrx_word' id='word_1_243' title='bbox 1035 2653 1098 2695; x_wconf 81' lang='lat' dir='ltr'><strong>mox</strong></span> <span class='ocrx_word' id='word_1_244' title='bbox 1113 2637 1205 2694; x_wconf 89' lang='lat' dir='ltr'><strong>omisit</strong></span> 
     </span>
     <span class='ocr_line' id='line_1_29' title="bbox 195 2719 1204 2796; baseline 0.002 -21"><span class='ocrx_word' id='word_1_245' title='bbox 195 2736 249 2776; x_wconf 89' lang='lat' dir='ltr'><strong>nou</strong></span> <span class='ocrx_word' id='word_1_246' title='bbox 269 2726 323 2777; x_wconf 88' lang='lat' dir='ltr'><strong>tam</strong></span> <span class='ocrx_word' id='word_1_247' title='bbox 344 2721 482 2779; x_wconf 89' lang='lat' dir='ltr'><strong>nominum</strong></span> <span class='ocrx_word' id='word_1_248' title='bbox 503 2723 647 2796; x_wconf 86' lang='lat' dir='ltr'><strong>asperitate</strong></span> <span class='ocrx_word' id='word_1_249' title='bbox 666 2728 734 2796; x_wconf 88' lang='lat' dir='ltr'><strong>puto</strong></span> <span class='ocrx_word' id='word_1_250' title='bbox 754 2719 900 2779; x_wconf 83' lang='lat' dir='ltr'><strong>deterritus</strong></span> <span class='ocrx_word' id='word_1_251' title='bbox 917 2738 995 2796; x_wconf 86' lang='lat' dir='ltr'><strong>quam</strong></span> <span class='ocrx_word' id='word_1_252' title='bbox 1010 2729 1038 2779; x_wconf 88' lang='lat' dir='ltr'><strong>et</strong></span> <span class='ocrx_word' id='word_1_253' title='bbox 1058 2721 1204 2785; x_wconf 79' lang='lat' dir='ltr'><strong>Ennianos,</strong></span> 
     </span>
     <span class='ocr_line' id='line_1_30' title="bbox 195 2804 1205 2880; baseline 0 -20"><span class='ocrx_word' id='word_1_254' title='bbox 195 2804 272 2861; x_wconf 88' lang='lat' dir='ltr'><strong>cuius</strong></span> <span class='ocrx_word' id='word_1_255' title='bbox 290 2804 350 2879; x_wconf 88' lang='lat' dir='ltr'><strong>lpse</strong></span> <span class='ocrx_word' id='word_1_256' title='bbox 363 2806 478 2880; x_wconf 80' lang='lat' dir='ltr'><strong>vestigia</strong></span> <span class='ocrx_word' id='word_1_257' title='bbox 497 2821 642 2879; x_wconf 88' lang='lat' dir='ltr'><strong>pressums</strong></span> <span class='ocrx_word' id='word_1_258' title='bbox 658 2812 729 2868; x_wconf 85' lang='lat' dir='ltr'><strong>arat.</strong></span> <span class='ocrx_word' id='word_1_259' title='bbox 751 2806 815 2862; x_wconf 91' lang='lat' dir='ltr'><strong>artis</strong></span> <span class='ocrx_word' id='word_1_260' title='bbox 838 2807 879 2863; x_wconf 84' lang='lat' dir='ltr'><strong>vel</strong></span> <span class='ocrx_word' id='word_1_261' title='bbox 902 2807 1027 2863; x_wconf 87' lang='lat' dir='ltr'><strong>ruditatis</strong></span> <span class='ocrx_word' id='word_1_262' title='bbox 1048 2805 1155 2862; x_wconf 78' lang='lat' dir='ltr'><strong>fastidio</strong></span> <span class='ocrx_word' id='word_1_263' title='bbox 1177 2810 1205 2860; x_wconf 92' lang='lat' dir='ltr'><strong>et</strong></span> 
     </span>
    </p>
   </div>
   <div class='ocr_carea' id='block_1_3' title="bbox 195 2982 398 2996">
    <p class='ocr_par' dir='ltr' id='par_1_6' title="bbox 195 2982 398 2996">
     <span class='ocr_line' id='line_1_31' title="bbox 195 2982 398 2996; baseline -0.01 0"><span class='ocrx_word' id='word_1_264' title='bbox 195 2982 398 2996; x_wconf 62' lang='lat' dir='ltr'><strong>n—ae—</strong></span> 
     </span>
    </p>
   </div>
   <div class='ocr_carea' id='block_1_4' title="bbox 194 3101 1206 3641">
    <p class='ocr_par' dir='ltr' id='par_1_7' title="bbox 194 3101 1206 3573">
     <span class='ocr_line' id='line_1_32' title="bbox 194 3101 1206 3170; baseline 0.001 -18"><span class='ocrx_word' id='word_1_265' title='bbox 194 3103 251 3167; x_wconf 69' lang='lat' dir='ltr'><strong>qitt&#39;t</strong></span> <span class='ocrx_word' id='word_1_266' title='bbox 259 3101 357 3154; x_wconf 79' lang='lat' dir='ltr'><strong>seilicet</strong></span> <span class='ocrx_word' id='word_1_267' title='bbox 373 3105 513 3156; x_wconf 57' lang='lat' dir='ltr'><strong>eustenius·</strong></span> <span class='ocrx_word' id='word_1_268' title='bbox 523 3103 623 3159; x_wconf 72' lang='lat' dir='ltr'><strong>Macri:</strong></span> <span class='ocrx_word' id='word_1_269' title='bbox 638 3103 691 3168; x_wconf 77' lang='lat' dir='ltr'><strong>suit</strong></span> <span class='ocrx_word' id='word_1_270' title='bbox 708 3105 770 3154; x_wconf 86' lang='lat' dir='ltr'><strong>enlm</strong></span> <span class='ocrx_word' id='word_1_271' title='bbox 787 3105 886 3168; x_wconf 80' lang='lat' dir='ltr'><strong>etipse</strong></span> <span class='ocrx_word' id='word_1_272' title='bbox 900 3108 980 3170; x_wconf 80' lang='lat' dir='ltr'><strong>poeta</strong></span> <span class='ocrx_word' id='word_1_273' title='bbox 996 3102 1104 3167; x_wconf 69' lang='lat' dir='ltr'><strong>Virqa&#39;lr&#39;o</strong></span> <span class='ocrx_word' id='word_1_274' title='bbox 1120 3119 1206 3154; x_wconf 85' lang='lat' dir='ltr'><strong>amun·</strong></span> 
     </span>
     <span class='ocr_line' id='line_1_33' title="bbox 195 3168 1205 3236; baseline 0.003 -18"><span class='ocrx_word' id='word_1_275' title='bbox 195 3171 312 3221; x_wconf 80' lang='lat' dir='ltr'><strong>tissimus.</strong></span> <span class='ocrx_word' id='word_1_276' title='bbox 331 3170 384 3234; x_wconf 79' lang='lat' dir='ltr'><strong>qui’</strong></span> <span class='ocrx_word' id='word_1_277' title='bbox 398 3169 534 3234; x_wconf 76' lang='lat' dir='ltr'><strong>(Eusebius</strong></span> <span class='ocrx_word' id='word_1_278' title='bbox 546 3171 621 3221; x_wconf 81' lang='lat' dir='ltr'><strong>dicit:</strong></span> <span class='ocrx_word' id='word_1_279' title='bbox 633 3168 744 3236; x_wconf 76' lang='lat' dir='ltr'><strong>Hagen)</strong></span> <span class='ocrx_word' id='word_1_280' title='bbox 758 3171 893 3221; x_wconf 75' lang='lat' dir='ltr'><strong>‘Aemilius</strong></span> <span class='ocrx_word' id='word_1_281' title='bbox 904 3170 997 3220; x_wconf 86' lang='lat' dir='ltr'><strong>Macer</strong></span> <span class='ocrx_word' id='word_1_282' title='bbox 1011 3169 1168 3222; x_wconf 79' lang='lat' dir='ltr'><strong>Veronensis</strong></span> <span class='ocrx_word' id='word_1_283' title='bbox 1179 3173 1205 3221; x_wconf 84' lang='lat' dir='ltr'><strong>in</strong></span> 
     </span>
     <span class='ocr_line' id='line_1_34' title="bbox 195 3236 1206 3302; baseline 0 -14"><span class='ocrx_word' id='word_1_284' title='bbox 195 3238 262 3289; x_wconf 82' lang='lat' dir='ltr'><strong>Asia</strong></span> <span class='ocrx_word' id='word_1_285' title='bbox 282 3239 401 3287; x_wconf 80' lang='lat' dir='ltr'><strong>moritur’</strong></span> <span class='ocrx_word' id='word_1_286' title='bbox 426 3238 511 3291; x_wconf 88' lang='lat' dir='ltr'><strong>schol.</strong></span> <span class='ocrx_word' id='word_1_287' title='bbox 532 3238 615 3288; x_wconf 81' lang='lat' dir='ltr'><strong>Beira.</strong></span> <span class='ocrx_word' id='word_1_288' title='bbox 641 3236 677 3288; x_wconf 87' lang='lat' dir='ltr'><strong>od</strong></span> <span class='ocrx_word' id='word_1_289' title='bbox 701 3236 744 3288; x_wconf 88' lang='lat' dir='ltr'><strong>acl</strong></span> <span class='ocrx_word' id='word_1_290' title='bbox 762 3239 786 3288; x_wconf 91' lang='lat' dir='ltr'>V</span> <span class='ocrx_word' id='word_1_291' title='bbox 803 3252 862 3302; x_wconf 81' lang='lat' dir='ltr'><strong>arg.</strong></span> <span class='ocrx_word' id='word_1_292' title='bbox 898 3240 1007 3301; x_wconf 84' lang='lat' dir='ltr'><strong>sumpta</strong></span> <span class='ocrx_word' id='word_1_293' title='bbox 1030 3240 1123 3287; x_wconf 83' lang='lat' dir='ltr'><strong>autem</strong></span> <span class='ocrx_word' id='word_1_294' title='bbox 1140 3241 1206 3289; x_wconf 85' lang='lat' dir='ltr'><strong>sunt</strong></span> 
     </span>
     <span class='ocr_line' id='line_1_35' title="bbox 194 3303 1206 3370; baseline 0.002 -16"><span class='ocrx_word' id='word_1_295' title='bbox 194 3303 266 3356; x_wconf 86' lang='lat' dir='ltr'><strong>haec</strong></span> <span class='ocrx_word' id='word_1_296' title='bbox 283 3307 406 3355; x_wconf 82' lang='lat' dir='ltr'><strong>extrema</strong></span> <span class='ocrx_word' id='word_1_297' title='bbox 429 3307 565 3356; x_wconf 79' lang='lat' dir='ltr'><strong>‘Aemilius</strong></span> <span class='ocrx_word' id='word_1_298' title='bbox 587 3340 593 3353; x_wconf 87' lang='lat'><strong>.</strong></span> <span class='ocrx_word' id='word_1_299' title='bbox 613 3341 619 3355; x_wconf 93' lang='lat'><strong><em>.</em></strong></span> <span class='ocrx_word' id='word_1_300' title='bbox 639 3343 645 3358; x_wconf 92' lang='lat'>.</span> <span class='ocrx_word' id='word_1_301' title='bbox 667 3307 787 3356; x_wconf 76' lang='lat' dir='ltr'><strong>moritur’</strong></span> <span class='ocrx_word' id='word_1_302' title='bbox 812 3319 846 3354; x_wconf 86' lang='lat' dir='ltr'><strong>ex</strong></span> <span class='ocrx_word' id='word_1_303' title='bbox 866 3304 1044 3369; x_wconf 80' lang='lat' dir='ltr'><strong>Hieronymo.</strong></span> <span class='ocrx_word' id='word_1_304' title='bbox 1080 3305 1206 3370; x_wconf 72' lang='lat' dir='ltr'><strong>‘Mopsus</strong></span> 
     </span>
     <span class='ocr_line' id='line_1_36' title="bbox 194 3368 1206 3435; baseline -0.002 -11"><span class='ocrx_word' id='word_1_305' title='bbox 194 3387 255 3424; x_wconf 86' lang='lat' dir='ltr'><strong>uero</strong></span> <span class='ocrx_word' id='word_1_306' title='bbox 276 3371 399 3423; x_wconf 81' lang='lat' dir='ltr'><strong>Aemilius</strong></span> <span class='ocrx_word' id='word_1_307' title='bbox 421 3372 516 3423; x_wconf 87' lang='lat' dir='ltr'><strong>Macer</strong></span> <span class='ocrx_word' id='word_1_308' title='bbox 541 3372 696 3424; x_wconf 82' lang='lat' dir='ltr'><strong>Veronensis</strong></span> <span class='ocrx_word' id='word_1_309' title='bbox 737 3379 807 3432; x_wconf 81' lang='lat' dir='ltr'><strong>octo,</strong></span> <span class='ocrx_word' id='word_1_310' title='bbox 832 3375 925 3422; x_wconf 74' lang='lat' dir='ltr'><strong>antuus</strong></span> <span class='ocrx_word' id='word_1_311' title='bbox 950 3368 1067 3435; x_wconf 69' lang='lat' dir='ltr'><strong>Virmrtt’</strong></span> <span class='ocrx_word' id='word_1_312' title='bbox 1092 3372 1206 3424; x_wconf 82' lang='lat' dir='ltr'><strong>Servius</strong></span> 
     </span>
     <span class='ocr_line' id='line_1_37' title="bbox 195 3387 1206 3505; baseline -0.001 -15"><span class='ocrx_word' id='word_1_313' title='bbox 195 3438 232 3490; x_wconf 80' lang='lat' dir='ltr'><strong>ati</strong></span> <span class='ocrx_word' id='word_1_314' title='bbox 249 3434 300 3492; x_wconf 86' lang='lat' dir='ltr'><strong>ecl.</strong></span> <span class='ocrx_word' id='word_1_315' title='bbox 319 3440 345 3492; x_wconf 87' lang='lat' dir='ltr'><strong>V</strong></span> <span class='ocrx_word' id='word_1_316' title='bbox 363 3442 387 3491; x_wconf 90' lang='lat'><strong>1.</strong></span> <span class='ocrx_word' id='word_1_317' title='bbox 423 3440 521 3505; x_wconf 83' lang='lat' dir='ltr'><strong>quodsi</strong></span> <span class='ocrx_word' id='word_1_318' title='bbox 537 3454 668 3490; x_wconf 88' lang='lat' dir='ltr'><strong>annorum</strong></span> <span class='ocrx_word' id='word_1_319' title='bbox 687 3387 786 3491; x_wconf 52' lang='lat' dir='ltr'><strong>saitem</strong></span> <span class='ocrx_word' id='word_1_320' title='bbox 803 3439 938 3489; x_wconf 86' lang='lat' dir='ltr'><strong>rationem</strong></span> <span class='ocrx_word' id='word_1_321' title='bbox 954 3437 1118 3489; x_wconf 80' lang='lat' dir='ltr'><strong>habuissent</strong></span> <span class='ocrx_word' id='word_1_322' title='bbox 1137 3437 1206 3489; x_wconf 87' lang='lat' dir='ltr'><strong>alle·</strong></span> 
     </span>
     <span class='ocr_line' id='line_1_38' title="bbox 214 3504 1205 3573; baseline -0.003 -15"><span class='ocrx_word' id='word_1_323' title='bbox 214 3507 330 3570; x_wconf 82' lang='lat' dir='ltr'><strong>oristas,</strong></span> <span class='ocrx_word' id='word_1_324' title='bbox 348 3508 431 3558; x_wconf 78' lang='lat' dir='ltr'><strong>versu</strong></span> <span class='ocrx_word' id='word_1_325' title='bbox 448 3507 529 3559; x_wconf 89' lang='lat' dir='ltr'><strong>huius</strong></span> <span class='ocrx_word' id='word_1_326' title='bbox 542 3505 657 3573; x_wconf 78' lang='lat' dir='ltr'><strong>eclogae</strong></span> <span class='ocrx_word' id='word_1_327' title='bbox 676 3511 786 3573; x_wconf 83' lang='lat' dir='ltr'><strong>quarto,</strong></span> <span class='ocrx_word' id='word_1_328' title='bbox 804 3505 852 3556; x_wconf 89' lang='lat' dir='ltr'><strong>ubi</strong></span> <span class='ocrx_word' id='word_1_329' title='bbox 869 3505 999 3557; x_wconf 87' lang='lat' dir='ltr'><strong>maiorem</strong></span> <span class='ocrx_word' id='word_1_330' title='bbox 1010 3518 1040 3556; x_wconf 86' lang='lat' dir='ltr'><strong>se</strong></span> <span class='ocrx_word' id='word_1_331' title='bbox 1057 3504 1205 3556; x_wconf 85' lang='lat' dir='ltr'><strong>Menalcan</strong></span> 
     </span>
    </p>

    <p class='ocr_par' dir='ltr' id='par_1_8' title="bbox 225 3570 1204 3641">
     <span class='ocr_line' id='line_1_39' title="bbox 225 3570 1204 3641; baseline 0.003 -15"><span class='ocrx_word' id='word_1_332' title='bbox 225 3575 264 3626; x_wconf 88' lang='lat' dir='ltr'><strong>cit</strong></span> <span class='ocrx_word' id='word_1_333' title='bbox 281 3575 408 3641; x_wconf 82' lang='lat' dir='ltr'><strong>Mopsus,</strong></span> <span class='ocrx_word' id='word_1_334' title='bbox 426 3574 547 3640; x_wconf 78' lang='lat' dir='ltr'><strong>Vergilio</strong></span> <span class='ocrx_word' id='word_1_335' title='bbox 564 3576 688 3626; x_wconf 77' lang='lat' dir='ltr'><strong>Macrum</strong></span> <span class='ocrx_word' id='word_1_336' title='bbox 704 3575 836 3625; x_wconf 85' lang='lat' dir='ltr'><strong>minorem</strong></span> <span class='ocrx_word' id='word_1_337' title='bbox 853 3575 922 3624; x_wconf 84' lang='lat' dir='ltr'><strong>natu</strong></span> <span class='ocrx_word' id='word_1_338' title='bbox 940 3571 1026 3624; x_wconf 80' lang='lat' dir='ltr'><strong>fuisse</strong></span> <span class='ocrx_word' id='word_1_339' title='bbox 1039 3570 1204 3628; x_wconf 83' lang='lat' dir='ltr'><strong>efficeretur.</strong></span> 
     </span>
    </p>
   </div>
   <div class='ocr_carea' id='block_1_5' title="bbox 0 0 1267 4096">
    <p class='ocr_par' dir='ltr' id='par_1_9' title="bbox 0 0 1267 4096">
     <span class='ocr_line' id='line_1_40' title="bbox 0 0 1267 4096; baseline 0 0"><span class='ocrx_word' id='word_1_340' title='bbox 0 0 1267 4096; x_wconf 95' lang='lat' dir='ltr'><strong> </strong></span> 
     </span>
    </p>
   </div>
  </div>
 </body>
</html>
