2512 4096
424 300 569 348 vnnomr
590 298 792 348 ononmcou
808 300 821 346 1
1085 285 1125 350 st

120 474 208 535 saepe
229 455 322 517 levem
343 455 457 533 paleam
480 459 510 515 et
530 453 649 514 frondes
670 452 790 526 volitare
813 453 946 522 caducas,

120 546 171 600 aut
192 557 304 600 summa
326 539 421 599 nantis
442 538 472 598 in
494 554 570 615 aqua
592 535 741 597 colludere
762 535 884 614 plumas.
944 594 950 604 ,

121 631 149 683 at
170 622 282 684 Boreae
305 623 341 683 dc
362 628 445 699 parto
468 621 558 681 trucis
580 637 646 680 cum
668 619 815 690 fulminat,
839 627 956 681 etcum

121 707 242 786 eurique
264 705 440 784 zephyrique
461 710 544 764 tonat
565 703 684 764 domus:
707 703 803 764 omnia
824 702 918 780 plenis

122 807 192 850 rura
214 796 314 849 natant
335 789 433 857 fossis,
456 795 544 865 atque
566 788 660 847 omnis
682 788 776 848 navita
798 794 888 864 ponto

121 873 219 934 umida
240 871 302 933 vela
324 872 403 947 legit.
440 888 600 948 numquam
623 869 848 947 inprudentibus
869 867 964 931 imber

121 954 230 1016 obluit:
254 963 303 1016 aut
324 955 406 1015 illum
427 962 595 1032 surgentem
617 953 739 1014 vallibus
760 954 824 1014 imis

121 1040 217 1099 aeriae
240 1037 341 1116 lugere
362 1054 467 1114 grues,
490 1043 540 1098 aut
560 1036 666 1097 bucula
689 1036 802 1098 caelum

121 1122 283 1198 suspiciens
303 1121 409 1199 patulis
431 1122 556 1198 captavit
576 1121 696 1181 naribus
718 1137 813 1190 auras,

122 1212 173 1264 aut
195 1213 296 1281 arguta
317 1205 399 1264 lacus
420 1203 656 1264 circumvolitavit
679 1204 805 1265 hirundo

124 1293 153 1347 et
174 1293 303 1348 veterem
325 1288 355 1346 in
376 1286 445 1347 limo
467 1304 557 1347 ranae
579 1286 712 1347 cecinere
735 1288 905 1366 querellam.

122 1372 240 1447 saepius
262 1377 291 1430 et
310 1371 394 1430 tectis
415 1368 613 1447 penetralibus
635 1369 737 1430 extulit
759 1387 811 1431 ova

123 1459 279 1531 angustum
301 1452 423 1514 formica
444 1462 544 1514 terens
565 1453 634 1521 iter,
657 1459 687 1513 et
707 1451 781 1512 bibit
801 1455 904 1532 ingens

123 1553 225 1606 arcus,
249 1545 281 1598 et
299 1555 315 1598 e
336 1543 421 1614 pastu
443 1536 588 1598 decedens
610 1536 725 1612 agmine
746 1553 852 1615 magno

123 1638 280 1681 corvorum
301 1621 447 1696 increpuit
469 1621 566 1681 densis
587 1621 733 1680 exercitus
754 1619 814 1681 slis.

121 1706 180 1764 iam
203 1705 297 1765 variae
319 1705 415 1783 pelagi
435 1703 568 1765 volucres
591 1709 620 1762 et
641 1721 716 1782 quae
736 1703 802 1765 hsia
824 1707 934 1767 circum

122 1787 256 1848 dulcibus
278 1790 307 1848 in
329 1790 439 1866 stagnis
460 1790 603 1849 rimantur
625 1794 708 1863 prata
731 1786 850 1866 Caystri,

123 1871 255 1932 certatim
276 1871 374 1949 largos
395 1873 505 1932 umeris
526 1870 680 1934 infundere
702 1888 801 1932 rores».

122 1972 201 2015 nunc
224 1963 311 2035 caput
333 1956 479 2017 obiectare
502 1955 599 2023 iretis,
628 1971 707 2013 nunc
730 1972 851 2017 currere
872 1958 903 2017 in
923 1955 1017 2016 undas

123 2043 152 2098 et
173 2037 268 2098 studio
289 2040 434 2100 incassum
456 2038 554 2099 videas
575 2039 683 2113 gestire
704 2036 827 2098 lavandi.

123 2130 185 2181 turn
208 2123 308 2182 cornix
330 2122 415 2199 plena
437 2122 564 2200 pluviam
585 2126 670 2179 vocat
690 2120 824 2197 improba
846 2140 917 2182 voce

123 2211 152 2264 et
174 2203 235 2263 sola
257 2205 287 2263 in
309 2206 386 2265 sicca
407 2223 508 2265 secum
530 2204 671 2280 spatiatur
693 2202 813 2263 harena.

123 2305 161 2346 ne
183 2293 326 2347 nocturna
348 2288 465 2366 quidem
489 2292 643 2366 carpentes
663 2301 754 2364 pensa
776 2287 890 2365 puellae

123 2370 274 2430 nescivere
295 2370 436 2440 hiemem,
460 2376 532 2430 testa
555 2386 622 2430 cum
644 2369 764 2430 ardente
786 2372 917 2433 viderent

122 2451 280 2513 scintillare
302 2452 399 2515 oleum
422 2461 450 2515 et
470 2453 565 2533 putris
586 2469 779 2514 concrescere
800 2454 914 2532 fungos.

165 2535 226 2597 Nec
247 2538 344 2597 minus
365 2556 401 2599 ex
423 2536 510 2599 imbri
531 2536 607 2597 soles
629 2544 658 2597 et
679 2544 780 2614 aperta
800 2557 904 2601 serena

122 2621 292 2700 prospicere
315 2629 343 2681 et
365 2624 451 2682 certis
472 2623 582 2699 poteris
604 2636 782 2696 cognoscere
804 2624 908 2702 signis:

122 2722 190 2764 nam
212 2722 307 2783 neque
329 2712 391 2766 tum
412 2705 502 2766 stellis
524 2707 601 2766 ecies
623 2705 747 2764 obtunsa
769 2707 891 2776 videtur,

122 2807 177 2849 nec
200 2788 296 2848 fratris
318 2790 406 2849 radiis
428 2789 553 2849 obnoxia
575 2806 697 2866 surgere
719 2788 811 2859 Luna,

123 2873 220 2933 tenuia
242 2890 298 2932 nec
318 2871 402 2933 lanae
423 2891 476 2951 per
499 2872 612 2933 caelum
633 2871 741 2932 vellera
763 2874 850 2941 lorri;

122 2973 182 3016 non
203 2956 335 3033 tepidum
356 2956 393 3016 ad
414 2957 505 3016 solem
527 2957 630 3034 pinnas
650 2957 680 3015 in
701 2955 787 3016 litore
808 2957 939 3034 pandunt

123 3040 245 3101 dilectae
266 3038 382 3099 Thetidi
404 3039 554 3119 alcyoneS,
576 3056 636 3098 non
659 3055 711 3098 ore
733 3038 843 3100 solutos

122 3123 266 3185 immundi
287 3125 448 3183 meminere
469 3140 536 3184 sues
553 3124 665 3182 iactare
688 3122 839 3200 maniplos.

124 3214 152 3267 at
174 3206 298 3268 nebulae
320 3209 412 3284 magis
433 3208 490 3267 ima
512 3213 615 3285 petunt
637 3223 798 3284 campoque
820 3208 1005 3277 recumbunt,

123 3289 192 3351 solis
215 3299 243 3352 et
265 3307 400 3352 occasum
422 3308 540 3352 servans
563 3291 599 3350 de
622 3290 747 3350 culmine
769 3309 884 3352 summo

123 3375 301 3454 nequiquam
323 3391 405 3435 seros
427 3382 544 3436 exercet
564 3381 671 3435 noctua
694 3380 805 3436 cantus.

125 3464 247 3536 apparet
269 3456 378 3536 liquido
401 3457 535 3520 sublimis
567 3459 596 3518 in
619 3464 688 3519 atre
710 3458 806 3527 Nisus,

125 3549 153 3602 et
174 3560 230 3621 pro
251 3559 402 3620 purpureo
423 3559 533 3621 poenas
555 3542 604 3603 dat
624 3541 719 3621 Scylla
742 3542 861 3619 capillo:

884 3625 925 3685 31
