2512 4096
86 225 88 229 ’
159 235 219 300 296
493 248 638 297 vnnorm
663 247 789 297 muers
804 251 829 296 x

157 405 330 488 provolvens
351 422 440 484 super
462 403 535 465 haec
557 405 674 465 inimico
695 411 815 483 pectore
837 403 929 466 latur:

172 492 221 552 isti
243 506 332 558 nunc,
353 487 520 557 metuende,
539 489 612 550 iace.
643 506 704 549 non
725 495 755 550 te
777 489 886 566 optima
908 494 1002 548 mater

157 572 263 636 condet
285 573 367 633 humi
387 572 543 650 patrioque
564 571 697 634 onerabit
717 571 851 634 membra
869 570 1047 650 sepulchro:

157 657 274 720 alitibus
296 656 429 735 linquere
448 654 519 716 ieris
540 661 590 716 aut
610 657 726 733 gurgite
746 673 877 718 mersum

157 740 234 803 unda
256 739 332 802 ieret
352 742 507 820 piscesque
529 741 635 818 inpasti
656 739 775 800 volnera
795 737 943 801 lambent!

156 826 292 906 protinus
313 825 457 884 Antaeum
479 830 508 884 et
525 822 645 893 Lucam,
664 825 760 901 prima
782 825 898 901 agmina
919 823 1021 894 Turni,

156 909 344 994 persequitur
364 907 531 985 fortemque
552 905 678 968 Numam
699 905 868 984 fulvomque
889 906 1066 977 Camertem,
1084 930 1089 940 ·

156 992 343 1071 magnanimo
363 989 503 1051 Volcente
520 996 624 1059 satum,
648 990 806 1051 ditissimus
828 993 892 1068 agri

157 1078 208 1158 qul
229 1076 283 1136 luit
304 1073 485 1136 Ausonidum
505 1081 533 1135 et
552 1073 647 1135 tacitis
667 1075 802 1151 regnavit
822 1072 959 1153 Amyclis.

91 1154 94 1161 ’
155 1161 293 1238 Aegaeon
313 1156 416 1239 qualis,
440 1163 557 1219 centum
578 1159 647 1236 quoi
669 1156 807 1222 bracchia
829 1157 929 1218 dicunt

157 1249 353 1322 centenasque
374 1259 488 1311 manus,
512 1241 724 1322 quinquaginta
741 1241 843 1303 oribus
864 1242 963 1320 ignem

156 1325 387 1409 pectoribusque
407 1327 524 1397 arsisse,
546 1325 622 1387 lovis
644 1344 711 1387 cum
728 1325 852 1387 lulmina
871 1334 973 1385 contra

156 1419 200 1473 tot
219 1409 340 1489 paribus
360 1415 507 1488 streperet
526 1409 646 1488 clupeis,
668 1416 712 1470 tot
733 1410 891 1487 stringeret
912 1426 1014 1470 enses:

157 1497 199 1557 sic
220 1501 282 1556 toto
303 1493 417 1555 Aeneas
436 1494 566 1555 desaevit
586 1495 617 1554 in
638 1511 767 1572 aequore
788 1495 890 1562 victor,

157 1586 190 1641 ut
210 1577 302 1639 semel
319 1577 446 1655 intepuit
464 1596 578 1638 mucro.
609 1578 681 1656 quin
699 1595 769 1640 ecce
790 1576 914 1655 Niphaei

157 1663 338 1743 quadriiugis
358 1660 388 1721 in
407 1679 498 1740 equos
520 1661 701 1741 adversaque
718 1668 841 1740 pectora
859 1661 961 1722 tendit.

157 1753 245 1825 atque
262 1744 302 1805 illi
322 1745 410 1821 longe
431 1744 613 1821 gradientem
635 1751 664 1805 et
685 1744 749 1805 dira
770 1743 946 1807 trementem

156 1837 190 1892 ut
210 1829 318 1899 videre,
341 1835 421 1889 metu
442 1829 519 1889 versi
539 1834 680 1906 retroque
699 1836 821 1892 ruentes

159 1913 370 1991 effunduntque
392 1911 497 1974 ducem
518 1912 695 1992 rapiuntque
717 1913 754 1974 ad
775 1912 862 1973 litora
887 1930 1001 1974 currus.

156 2000 268 2059 interea
288 1994 396 2073 biiugis
416 1995 507 2057 intent
528 2013 560 2056 se
578 1996 714 2074 Lucagus
733 1995 808 2057 albis

156 2084 187 2144 in
207 2080 320 2143 medios
342 2078 492 2158 fraterque
510 2079 612 2156 Liger;
634 2080 687 2141 sed
708 2079 800 2142 irater
819 2079 942 2141 habenis

156 2164 247 2226 flectit
267 2180 367 2244 equos,
391 2165 524 2225 strictum
545 2170 623 2224 rotat
644 2181 712 2226 acer
734 2163 870 2242 Lucagus
893 2182 1002 2226 ensem.
1091 2156 1093 2159 ’

157 2248 228 2311 haut
247 2246 313 2309 tulit
332 2246 446 2310 Aeneas
467 2253 548 2309 tanto
571 2247 688 2310 fervore
707 2248 848 2309 furentis:

156 2333 245 2394 imnait
266 2331 446 2412 adversaque
467 2333 572 2410 ingens
590 2333 726 2412 apparuit
747 2331 840 2391 hasta.

157 2418 205 2477 cul
224 2416 311 2494 Liger
406 2420 410 2429 '

156 2509 231 2560 ‘non
253 2499 400 2560 Diomedis
422 2517 514 2580 equos
534 2518 590 2562 nec
614 2515 736 2560 currum
758 2499 855 2560 cernis
877 2497 996 2560 Achillis

156 2590 206 2644 aut
226 2582 371 2662 Phrygiae
392 2601 525 2663 campos:
548 2600 627 2644 nunc
647 2581 718 2643 belli
736 2584 802 2643 linis
823 2589 853 2644 et
874 2584 936 2644 aevi

155 2667 202 2728 his
221 2666 337 2728 dabitur
357 2668 465 2728 terris.⁸
501 2684 626 2728 vaesano
646 2664 715 2727 talia
737 2666 796 2727 late

156 2751 233 2812 dicta
254 2748 353 2811 volant
371 2750 478 2828 Ligeri.
510 2748 634 2812 sednon
657 2757 687 2811 et
707 2749 814 2811 Troius
835 2750 926 2811 heros

156 2834 231 2896 dicta
251 2841 336 2914 parat
359 2841 476 2895 contra:
498 2831 626 2894 iaculum
648 2845 716 2894 nam
737 2840 858 2914 torquet
878 2835 909 2895 in
930 2833 1056 2896 bostem.
1115 2839 1169 2893 tto

155 2917 291 2998 Lucagus
310 2926 344 2979 ut
361 2933 474 2996 pronus
494 2917 627 2995 pendens
649 2919 679 2980 in
701 2917 826 2980 verbera
846 2919 904 2981 telo

155 3003 305 3064 admonuit
321 3000 446 3077 biiugos,
464 3002 596 3078 proiecto
619 3002 690 3065 dum
711 3003 789 3083 pede
810 3003 891 3066 laevo

155 3093 236 3164 aptet
258 3103 289 3147 se
310 3099 435 3164 pugnae,
455 3083 533 3145 subit
555 3104 622 3149 oras
643 3087 727 3149 hasta
747 3106 803 3166 per
824 3090 898 3148 imas

133 3169 293 3249 *fulgentis
313 3167 407 3247 clipei,
430 3176 493 3228 tum
514 3167 627 3231 laevom
649 3171 782 3250 perforat
803 3172 932 3248 inguen·

155 3271 296 3314 excussus
315 3268 405 3312 curru
426 3252 620 3315 moribundus
638 3254 762 3315 volvitur
780 3256 866 3329 arvis.

155 3355 243 3415 quem
263 3337 329 3414 pius
349 3334 463 3398 Aeneas
485 3335 570 3398 dictis
589 3338 704 3399 adfatur
723 3339 845 3398 amaris:

155 3420 296 3497 ‘Lucage
318 3417 398 3479 nialla
419 3428 486 3483 tuos
508 3438 613 3482 currus
634 3421 704 3498 luga
725 3422 823 3499 segnis
844 3439 988 3503 equorum

155 3503 282 3583 prodidit
303 3509 353 3563 ant
374 3522 466 3567 vanae
485 3509 603 3566 vertere
625 3523 661 3567 ex
681 3504 816 3566 hostibus
836 3504 974 3568 umbrae·
