2512 4096
175 249 234 314 152
498 263 643 313 vnaorur
658 264 783 313 anuum
802 265 856 312 1111

123 444 126 449 ⁴
169 438 355 484 communem
377 421 456 482 hunc
476 440 546 500 ergo
569 418 710 500 populum
732 419 910 499 paribusque
932 436 1069 497 regamus

168 505 317 583 auspiciis,
339 504 425 566 liceat
444 504 572 584 Phrygio
592 505 702 564 servire
723 505 828 564 marito

169 586 330 667 dotalisque
352 595 419 650 tuae
441 588 543 668 Tyrios
564 589 734 667 permittere
757 586 900 649 dextrae'

211 670 267 733 Olli
289 671 388 751 (sensit
409 672 486 733 enim
507 671 640 734 simulata
663 677 760 731 mente
779 669 923 740 locutam,
1141 686 1194 740 105

169 773 227 835 quo
248 773 371 833 regnum
391 754 489 817 ltaliae
509 755 632 836 Libycas
650 761 797 817 averteret
814 755 891 835 oras)

168 840 211 900 slc
233 847 335 899 contra
356 846 399 901 est
422 841 554 916 ingressa
574 839 685 902 Venus:
710 839 792 917 ‘quis
813 836 878 898 talia
901 839 1021 899 demens

168 921 290 993 abnuat,
313 930 362 983 aut
382 930 480 985 tecum
502 923 582 984 malit
606 923 784 984 contendere
803 921 899 982 belloi

168 1007 193 1066 si
216 1006 304 1067 modo
326 1006 404 1084 quod
427 1025 575 1069 memoras
595 1007 705 1067 lactum
726 1006 843 1066 fortuna
864 1013 1012 1085 sequatur.

168 1086 217 1150 sod
233 1089 298 1151 latis
317 1091 429 1151 incerta
451 1091 531 1152 leror
550 1090 574 1149 si
594 1090 725 1167 luppiter
739 1107 829 1150 unam
1110 1106 1117 1120 ·
1139 1107 1193 1158 llo

169 1191 232 1236 esse
251 1173 317 1234 velit
338 1173 431 1252 Tyriis
449 1173 555 1235 urbem
577 1172 722 1252 Troiaque
744 1171 898 1250 profectis,
1195 1192 1200 1203 ·

168 1258 318 1318 miscerive
340 1256 446 1335 probet
462 1257 588 1336 populos
610 1264 659 1318 aut
677 1256 797 1317 foedera
818 1257 908 1333 iungi.

167 1347 200 1401 tu
218 1341 357 1410 coniunx,
379 1340 431 1402 tibi
452 1341 496 1402 las
518 1341 647 1403 animum
669 1346 811 1418 temptare
829 1341 985 1416 precando.

168 1440 274 1503 perge:
296 1424 427 1503 sequar.'
470 1432 533 1486 tum
549 1426 597 1485 ‘sic
618 1425 733 1502 excepit
753 1425 834 1501 regia
854 1422 941 1484 luno:

170 1516 302 1568 ‘mecum
325 1509 380 1569 erit
394 1509 448 1569 istc
469 1508 563 1570 labor.
607 1526 687 1569 nunc
707 1525 764 1587 qua
780 1509 894 1568 ratione
913 1508 990 1587 quod
1006 1509 1091 1568 instat
1138 1523 1190 1574 115

169 1592 288 1652 confieri
310 1593 415 1669 possit,
438 1594 553 1671 paucis,
577 1591 709 1662 adverte,
733 1590 855 1651 docebo.

169 1682 304 1736 venatum
321 1675 434 1736 Aeneas
454 1693 570 1755 unaque
587 1677 750 1737 miserrima
771 1673 844 1734 Dido

169 1760 198 1818 in
220 1777 324 1820 nemus
345 1761 388 1820 ire
409 1765 528 1837 parant,
548 1758 599 1819 ubi
617 1760 728 1836 primos
749 1758 891 1819 crastinus
912 1768 994 1821 ortus
1021 1785 1025 1795 ¹

170 1841 304 1904 extulerit
322 1842 406 1903 Titan
425 1843 572 1921 radiisque
587 1844 726 1904 retexerit
745 1839 857 1902 orbem.

169 1926 214 1987 his
236 1943 290 2004 ego
312 1926 476 2004 nigrantem
498 1927 654 1987 commixta
675 1925 817 2002 grandine
831 1924 979 1996 nimbum,
1138 1940 1191 1992 120

169 2008 239 2071 dum
261 2009 407 2088 trepidant
428 2010 491 2071 alae
508 2008 657 2088 saltusque
672 2009 808 2086 indagine
829 2010 963 2086 cingunt,

170 2093 297 2171 desuper
318 2094 484 2165 infundam,
509 2101 538 2154 et
558 2094 668 2155 tonitru
690 2090 802 2156 coelum
822 2110 909 2154 omne
931 2094 1023 2156 ciebo.

169 2176 320 2254 diffugient
340 2179 460 2239 comites
480 2185 509 2239 ct
526 2184 612 2239 nocte
634 2183 770 2254 tegentur
789 2194 896 2257 opaca:

168 2260 340 2340 speluncam
359 2261 433 2323 bido
453 2262 511 2323 dux
534 2269 563 2322 et
580 2261 726 2323 Troianus
744 2261 865 2322 eandem

170 2344 333 2406 devenient.
377 2345 467 2406 adero
490 2352 533 2415 et,
555 2353 605 2406 tua
625 2346 651 2405 si
672 2344 743 2406 mihi
766 2352 846 2406 certa
868 2342 1014 2413 voluntas,
1139 2356 1188 2410 125

171 2426 312 2509 [conubio
333 2430 451 2508 iungam
471 2427 566 2489 stabili
584 2429 794 2507 propriamque
814 2424 933 2506 dicabo]

169 2511 218 2572 hic
237 2511 414 2591 hymenaeus
431 2511 511 2573 erit'
554 2529 614 2573 non
636 2510 787 2572 adversata
805 2512 915 2588 petenti

170 2595 270 2656 adnuit
291 2603 376 2674 atque
398 2594 472 2656 dolis
492 2595 555 2655 risit
576 2594 718 2674 Cytherea
736 2595 869 2672 repertis.
920 2652 936 2671 .

212 2677 361 2740 Oceanum
380 2679 492 2739 interea
512 2694 636 2756 surgens
654 2677 768 2738 Aurora
790 2674 916 2756 reliquit.

169 2763 190 2823 it
210 2764 302 2841 portis
323 2762 426 2823 iubare
448 2767 549 2821 exorto
570 2759 681 2822 delecta
703 2761 853 2829 iurentus;
972 2762 977 2771 '
1139 2772 1190 2826 loo
1235 2786 1239 2794 ¹

171 2848 244 2906 retia
266 2863 349 2916 rara,
371 2845 490 2924 plagae,
512 2844 570 2905 lato
591 2843 734 2906 venabula
754 2844 834 2906 ferro

170 2928 344 3009 Massylique
362 2935 454 2990 ruunt
474 2929 587 3007 equites
608 2936 637 2989 et
659 2930 749 2990 odora
769 2946 875 2991 canum
899 2930 949 2988 vis.

62 3007 69 3021 ⁸
170 3013 301 3090 reginam
320 3011 449 3073 thalamo
470 3019 654 3074 cunctantem
672 3013 709 3074 ad
725 3011 825 3074 limina
843 3013 931 3091 primi

170 3095 338 3156 Poenorum
357 3103 520 3175 expectant,
542 3103 681 3175 ostroque
702 3097 824 3175 insignis
845 3102 874 3156 et
896 3112 968 3155 auro

171 3184 227 3239 stat
248 3179 365 3257 sonipes
384 3197 419 3239 ac
441 3179 523 3240 irena
545 3180 629 3241 ferox
647 3181 810 3257 spumantia
831 3177 951 3238 mandit.
1140 3189 1190 3245 135

171 3260 290 3321 tandem
310 3261 498 3338 progreditur
517 3278 622 3337 magna
644 3263 769 3338 stipante
791 3269 921 3336 caterva,

171 3342 320 3404 Sidoniam
339 3345 418 3419 picto
441 3343 623 3422 chlamydem
644 3343 822 3404 circumdata
842 3342 941 3403 limbo.
1082 3404 1085 3409 ,

143 3436 148 3445 ’
170 3427 219 3488 cui
239 3425 378 3505 pharetra
400 3444 435 3485 ex
454 3443 543 3495 auro,
566 3426 662 3486 crines
680 3426 827 3487 nodantur
849 3429 877 3487 in
901 3445 1023 3498 aurum,

171 3527 260 3572 aurea
279 3525 459 3589 purpuream
477 3508 622 3570 subnectit
642 3507 731 3570 fibula
752 3519 869 3573 vestem.
