2512 4096
119 318 140 380 8
446 327 588 376 voltam
609 326 749 376 ECLOGA
769 328 806 375 1v

247 483 305 541 iam
328 497 420 540 cornu
441 489 522 557 petat
543 490 572 542 et
593 481 717 559 pedihus
739 484 789 561 qui
811 487 931 559 spargat
951 482 1111 546 harenam

119 573 145 628 o
245 565 282 626 I).
307 562 362 633 Qui
375 573 414 634 te,
429 564 525 634 Polio,
543 572 634 635 amat,
650 568 745 626 veniat
760 572 999 646 quotoquoque
1014 569 1137 644 gaudem

247 646 333 708 mella
354 646 446 708 fluant
467 647 524 718 illi,
549 649 624 710 ierat
646 658 674 709 et
695 650 788 711 rubus
809 664 895 726 asper
917 667 1084 712 amomum.

119 725 151 794 θ’
246 734 287 792 M.
312 732 366 803 Qui
378 733 499 792 Bavium
513 750 572 791 non
588 733 656 800 odit,
673 743 751 794 amet
764 741 815 794 tua
831 734 972 802 carmina,
985 733 1091 806 Maeui,
1107 745 1140 800 oo

249 823 336 893 atque
358 815 435 874 idem
457 817 557 892 iungat
578 815 677 893 volpes
699 826 728 877 et
749 815 877 895 mulgeat
898 816 1010 878 hircos.

121 925 133 961 ι
246 902 282 961 I).
307 898 363 968 Qui
384 897 479 975 legitis
500 898 589 959 liores
611 907 640 960 et
661 901 743 961 humi
764 900 912 961 nascentia
935 899 1031 980 fraga,

173 983 385 1061 „frigidus
409 1000 426 1040 o
441 984 540 1059 pueri,
564 984 655 1061 fugite
670 983 752 1054 hinc,
774 984 845 1044 latet
866 985 970 1063 anguis
985 987 1018 1044 in
1032 985 1139 1046 herha„

122 1061 141 1129 ι’
246 1068 290 1129 Μ.
313 1065 443 1135 Parcite,
461 1084 543 1135 oves,
561 1069 683 1127 nimium
697 1068 875 1145 procedere:
892 1084 954 1126 non
965 1066 1046 1129 hene
1057 1071 1140 1147 ripae

249 1151 392 1218 creditum
415 1151 479 1229 ipse
500 1151 576 1210 aries
599 1153 685 1211 etiam
707 1170 787 1212 nunc
807 1149 914 1211 vellera
937 1151 1039 1211 siccat.
1107 1163 1140 1217 95

122 1258 141 1296 κ
247 1237 284 1298 D.
308 1234 422 1314 Tityre,
445 1242 599 1311 pascentes
621 1254 637 1295 a
659 1235 779 1296 flumine
800 1236 879 1296 reice
901 1232 1048 1311 capellas:

249 1322 328 1396 ipse,
353 1318 403 1379 uhi
425 1325 541 1395 tempus
563 1320 632 1385 erit,
657 1320 752 1378 omnis
773 1320 803 1378 in
826 1318 906 1378 sonte
927 1316 1044 1378 lavabo,

123 1425 142 1463 κ
250 1405 294 1462 M.
319 1401 420 1477 Cogite
442 1419 524 1470 oves,
548 1404 646 1477 pueri;
669 1404 694 1462 si
715 1401 761 1462 lac
782 1402 966 1478 praeceperit
987 1407 1099 1473 aestua,

249 1493 283 1546 ut
303 1502 413 1560 nuper,
437 1486 545 1545 frustra
567 1485 766 1562 pressabimus
787 1485 879 1545 ubera
900 1482 1015 1561 palmis.

123 1575 139 1629 l
253 1570 290 1631 Ι).
308 1567 373 1627 Heu
390 1568 457 1637 heu,
474 1585 568 1645 quam·
583 1571 684 1647 pingui
707 1586 806 1629 macer
828 1577 872 1629 est
892 1567 964 1628 mihi
979 1574 1088 1630 taurum
1112 1571 1141 1630 in

114 1662 119 1672 '
948 1654 1033 1712 ervo!
1092 1665 1142 1717 100

252 1735 331 1796 idem
359 1751 441 1794 amor
464 1735 584 1794 exitium
609 1736 711 1813 pecori
732 1735 907 1813 pecorisque
927 1731 1084 1808 magistro.

125 1812 148 1878 λ’
255 1821 298 1881 M.
329 1818 381 1878 His
410 1824 489 1878 certe
517 1834 613 1894 neque
640 1837 723 1879 amor
746 1837 833 1880 causa
862 1824 920 1879 est:
948 1819 994 1877 vix
1025 1818 1142 1880 ossibus

941 1902 1077 1962 haerent.
1161 1923 1187 1966 u

179 2009 185 2032 ·
250 1989 349 2049 nescio
372 1987 437 2065 quis
458 1991 576 2044 teneros
598 1984 699 2045 oculus
720 1987 792 2046 mihi
813 1986 936 2046 fascinat
957 2002 1060 2062 agnos.

125 2093 145 2130 u
250 2073 287 2134 D.
317 2071 387 2142 Dic,
418 2068 524 2149 quihus
550 2071 580 2128 in
608 2071 694 2128 terris
719 2103 753 2112 —
780 2077 808 2130 et
836 2073 894 2131 eris
921 2068 992 2129 mihi
1013 2085 1142 2146 magnus

951 2151 1058 2229 Apollo
1080 2186 1118 2197 -

250 2239 304 2297 tris
325 2245 423 2315 pateat
444 2238 522 2300 Caeli
544 2239 669 2314 spatium
690 2255 750 2296 non
772 2235 896 2314 amplius
917 2235 1010 2298 ralnas.
1090 2248 1141 2300 105

126 2342 147 2379 u
252 2321 297 2380 M.
320 2321 387 2388 Dic,
411 2322 516 2399 quibus
537 2324 567 2380 in
589 2323 676 2380 terris
697 2322 830 2399 inscripti
851 2322 970 2381 nomina
991 2336 1099 2397 regum

252 2410 411 2464 nascantur
433 2403 536 2470 flores;
566 2411 595 2462 et
615 2404 746 2482 Phyllida
767 2404 847 2464 solus
869 2405 985 2465 hebeto.
1025 2420 1035 2444 -·

127 2506 142 2546 e
253 2488 288 2546 Ρ.
312 2485 378 2546 Non
400 2491 533 2544 nostrum
555 2486 631 2546 inter
653 2504 704 2546 vos
726 2494 820 2548 tantas
843 2505 1021 2565 componere
1041 2485 1119 2547 lites.

254 2575 284 2630 et
304 2567 392 2629 vitula
414 2575 446 2628 tu
468 2568 573 2644 dignus
595 2577 624 2630 et
645 2571 702 2630 hic.
747 2577 776 2630 et
798 2573 927 2649 quisquis
949 2587 1067 2630 amores

254 2653 314 2713 hau
335 2659 446 2713 temnet
467 2651 569 2721 dulcis,
592 2653 664 2715 haut
686 2657 853 2733 experietur
876 2671 1000 2715 amaros.
1089 2665 1143 2718 llo

254 2735 378 2798 claudite
399 2737 457 2796 iam
479 2736 570 2805 rivos,
594 2739 693 2815 pueri:
722 2745 767 2798 sat
787 2745 871 2814 prata
892 2738 1038 2799 biherrmt.
1107 2734 1110 2738 ’

533 2921 724 2932 ——.-——-

587 3080 645 3167 IV

256 3236 396 3299 Sicelides
417 3256 532 3307 musae,
555 3241 643 3316 paulo
664 3242 776 3301 maiora
799 3240 950 3300 canamus!

254 3338 314 3381 non
336 3324 430 3381 omnis
452 3322 571 3382 arbusta
593 3326 692 3385 iuvant
713 3323 896 3400 humilesque
917 3321 1062 3400 myricam

255 3405 280 3463 si
302 3405 432 3464 canimus
453 3405 553 3474 silvas,
576 3407 664 3469 silvae
686 3409 744 3467 sint
766 3404 885 3467 consule
907 3405 1022 3480 dignae.

130 3492 153 3543 Α
174 3504 190 3544 a
296 3484 402 3548 Ultima
425 3488 542 3549 Cumaei
564 3493 642 3550 venit
663 3494 720 3551 iam
744 3490 880 3550 carminis
902 3493 996 3556 aetas;

255 3586 380 3647 magnus
402 3571 438 3631 ah
461 3574 574 3650 integro
596 3574 760 3634 saeclorum
782 3574 911 3633 nascitur
933 3571 1015 3631 ordo.
1126 3582 1144 3634 5
