2512 4096
151 273 211 340 ssd
372 299 374 303 ¹
474 286 616 334 vnaoun
634 286 758 336 nnnnrs
774 287 824 336 x11

152 443 287 522 ingentis,
310 442 422 520 genitos
444 441 566 502 diversis
586 439 718 519 pertibus
738 439 827 510 orbis,

151 527 227 587 inter
245 542 277 586 se
298 525 401 586 coiisse
424 526 500 584 viros
521 530 550 584 et
568 541 690 584 cernere
707 523 795 584 ierro.

152 615 238 688 atque
259 607 308 679 illi,
330 614 362 668 ut
383 624 473 669 vacuo
493 613 650 684 patuerunt
672 624 799 685 aequore
821 607 929 686 campi,
1118 615 1163 669 no

50 695 53 699 ’
150 708 296 770 procursu
316 690 429 768 rapido,
454 690 591 751 coniectis
613 690 726 750 eminus
747 689 847 758 hastis,

152 773 293 834 invadunt
314 774 435 834 Martem
458 771 558 850 clipeis
578 779 665 852 atquo
685 789 754 833 aere
774 789 892 833 sonoro.

152 857 200 917 dat
221 857 361 935 gemitum
384 855 483 924 tellus;
507 863 568 915 tum
590 854 710 916 crebros
732 854 850 915 ensibus
868 855 946 916 ictus

151 940 370 1016 congeminant:
392 939 454 998 iors
473 945 502 999 et
519 939 610 998 virtus
631 939 788 998 miscentur
810 938 840 997 in
863 955 967 998 unum.

151 1039 186 1082 ac
205 1019 282 1082 velut
303 1022 412 1097 ingenti
434 1020 492 1080 Sila
512 1038 661 1081 summove
681 1020 820 1082 Taburno
1117 1030 1164 1082 tit

151 1123 217 1166 cum
236 1104 293 1165 duo
316 1105 462 1165 conversis
483 1104 600 1164 inimim
620 1104 651 1163 in
674 1102 784 1181 proelia
804 1104 880 1163 tauri

151 1186 296 1248 frontibus
318 1187 470 1248 incurrunt
492 1186 598 1265 (pavidi
619 1203 735 1246 cessere
757 1185 896 1263 magistri,
939 1247 941 1251 ,

103 1346 105 1350 Α
151 1277 207 1331 stat
227 1288 318 1350 pecus
341 1287 428 1330 omne
448 1277 529 1330 metu
548 1275 661 1330 mutum
682 1276 870 1346 mussantque
891 1268 1049 1342 iuvencae,

90 1417 95 1424 ,
151 1354 216 1430 quis
237 1354 352 1413 nemori
372 1354 528 1431 imperitet,
550 1370 639 1432 quem
660 1358 720 1412 tota
740 1358 871 1413 armenta
892 1356 1099 1435 sequantur);'

151 1434 191 1495 illi
212 1436 289 1496 inter
313 1453 377 1496 sese
396 1433 487 1496 multa
509 1435 536 1495 ri
557 1434 675 1495 volnera
696 1435 819 1495 miscent
1115 1445 1164 1496 itt

152 1535 321 1595 cornuaque
340 1516 440 1578 obnixi
459 1518 585 1595 infigunt
604 1525 633 1578 et
649 1518 790 1595 sanguine
810 1517 891 1594 largo
1226 1530 1229 1535 '

152 1599 225 1661 colla
246 1618 401 1678 armosque
421 1600 531 1668 lavant:
554 1601 663 1679 gemitu
683 1618 787 1661 nemus
808 1618 894 1662 omne
912 1602 1065 1680 remugit:

151 1701 209 1743 non
231 1682 316 1744 aliter
336 1683 411 1743 Tros
431 1683 543 1744 Aeneas
565 1690 594 1743 et
613 1682 741 1744 Daunius
761 1683 850 1745 beros

151 1774 332 1827 concurrunt
348 1764 464 1844 clipeis;
483 1766 586 1842 ingens
608 1765 709 1843 fragor
727 1767 845 1827 aethera
865 1765 1005 1845 complet.

152 1849 280 1927 luppiter
301 1850 363 1926 ipse
384 1849 456 1910 duas
475 1855 599 1926 aequato
621 1849 753 1910 examine
771 1847 868 1911 lances
1113 1859 1162 1910 tro

151 1933 272 1993 sustinet
294 1939 323 1992 et
341 1932 398 1992 iata
420 1933 534 2010 inponit
554 1932 666 1994 diversa
688 1932 823 2001 duorum,

151 2032 238 2093 quem
258 2015 374 2075 damnet
392 2015 476 2075 labor
499 2021 528 2076 et
544 2033 603 2094 quo
623 2023 724 2093 vergat
743 2016 873 2093 pondere
889 2013 993 2078 letum.

152 2098 255 2158 emicat
276 2098 333 2167 hic,
355 2099 464 2177 inpune
485 2105 600 2177 putans,
624 2106 653 2159 et
674 2117 798 2178 corpore
817 2105 878 2158 toto

151 2180 207 2240 alte
228 2179 374 2241 sublatum
396 2183 545 2260 consurgit
565 2182 682 2244 Turnus
703 2183 734 2241 in
753 2199 852 2243 ensem

152 2270 180 2324 et
201 2264 281 2324 ierit:
305 2262 466 2324 exclament
487 2264 580 2326 Troes
601 2266 765 2345 trepidique
786 2265 889 2335 Latini,
1110 2272 1160 2326 tto

151 2353 339 2423 arrectaeque
360 2347 513 2409 amborum
531 2349 617 2409 acies.
652 2354 681 2409 at
699 2348 829 2426 perfidus
851 2346 926 2407 ensis

151 2430 294 2506 frangitur
316 2432 346 2490 in
367 2430 521 2509 medioque
544 2431 694 2492 ardentem
714 2432 823 2492 deserit
838 2432 938 2490 ictu..
953 2476 959 2491 .
974 2476 981 2488 .
1091 2455 1093 2458 ⁴

151 2513 180 2571 ni
203 2512 271 2588 iuga
292 2512 421 2575 subsidio
438 2513 547 2575 subeat.
579 2513 653 2592 fugit
674 2515 754 2575 ocior
777 2532 859 2582 euro,

151 2602 185 2655 ut
205 2594 341 2672 capulum
363 2597 493 2672 ignotum
516 2596 705 2676 dextramque
727 2599 838 2675 aspexit
857 2599 1011 2657 inermem.

151 2678 227 2738 sama
250 2686 294 2738 est
313 2679 511 2756 praecipitem,
534 2697 601 2739 cum
619 2681 713 2758 prima
735 2681 764 2740 in
783 2679 894 2757 proelia
914 2681 1031 2739 iunctos
1107 2686 1158 2738 rao

152 2760 366 2820 conscendebat
385 2777 485 2838 equos,
506 2764 600 2838 patrio
621 2779 762 2824 mucrone
783 2762 895 2833 relicto,

151 2844 221 2904 dnm
244 2843 377 2920 trepidat,
401 2843 512 2904 serrum
532 2846 649 2923 aurigae
668 2847 801 2925 rapuisse
822 2846 941 2907 Metisci.

151 2926 238 3003 idque
260 2926 318 2997 diu,
341 2927 411 2987 dum
431 2936 512 3005 terga
535 2928 642 2989 dabant
662 2929 788 3007 palantia
809 2930 925 2997 Teucri,

151 3010 279 3070 suffecit:
302 3016 456 3089 postquam
477 3029 557 3072 arma
578 3013 625 3074 dei
645 3012 681 3073 ad
700 3012 836 3074 Volcania
854 3017 1009 3079 ventumst,

151 3091 280 3152 mortalis
301 3111 404 3154 mucro
427 3093 534 3170 glacies
556 3114 611 3157 ceu
631 3095 731 3156 futtilis
748 3099 808 3158 ictu
1107 3101 1159 3153 ⁷⁴⁰

151 3173 287 3244 dissiluit;
309 3175 385 3237 fulva
405 3177 593 3256 resplendent
614 3179 756 3256 fragmina
773 3179 893 3241 harena.

151 3273 221 3335 crgo
243 3275 343 3319 amens
361 3259 474 3321 diversa
495 3262 564 3338 iuga
585 3263 657 3337 petit
677 3280 804 3341 aequora
825 3261 941 3321 Turnus

151 3346 180 3400 et
199 3356 277 3400 nunc
297 3340 365 3416 huo,
387 3343 454 3403 inde
477 3344 535 3404 buc
552 3345 678 3404 incertos
696 3344 825 3424 implicat
846 3342 947 3410 orbcs;

151 3421 279 3501 undique
300 3425 377 3484 enirn
399 3424 488 3486 densa
510 3425 616 3487 Teucri
635 3427 779 3488 inclusere
798 3444 915 3497 corona,

152 3512 238 3583 atque
259 3506 327 3566 hinc
345 3513 424 3569 vasta
443 3507 535 3587 palus,
555 3508 624 3569 hinc
643 3511 735 3571 ardua
753 3511 868 3571 moenia
887 3508 1016 3586 cingunt.
1107 3515 1159 3569 'itt
