2512 4096
460 255 603 336 venerer
623 287 749 337 sennis
769 288 809 335 111

125 443 292 524 prodigium
315 443 391 504 canit
414 450 442 503 et
462 442 551 503 tristis
573 416 750 504 denuntiat'
742 460 801 503 rras

126 527 342 604 obscenamque
364 525 480 605 famem)
502 543 576 604 quae
597 527 692 604 prima
716 526 847 604 pericula
869 525 945 587 vitot

127 611 232 689 quidve
253 626 378 689 sequens
396 615 491 669 tantos
512 610 623 686 possim
645 626 786 687 superare
807 607 957 670 laboresi'

126 695 173 755 hic
191 691 319 753 Helenus
340 694 432 753 caesis
454 693 583 770 primum
604 693 642 754 de
663 711 748 754 moro
767 693 896 755 iuvencis

126 784 228 838 exoret
248 794 352 854 pacem
369 776 466 837 divom
486 777 628 854 vittasque
649 776 768 837 resolvit

123 861 230 921 sacrati
254 861 370 937 capitis,
393 878 500 939 meque
522 859 559 920 ad
581 866 630 920 tua
648 859 764 930 limina,
782 858 916 929 Phoebe,

123 945 186 1024 ipse
207 961 298 1004 mann
322 942 415 1004 multo
436 960 611 1022 suspensum
631 945 752 1004 numine
773 943 867 1014 ducit,

124 1036 212 1106 atque
233 1026 307 1088 haec
326 1027 431 1088 deinde
454 1029 532 1088 canit
551 1027 647 1088 divino
671 1045 780 1088 crore
801 1026 956 1089 sacerdos:

125 1119 208 1172 ‘nate
231 1111 286 1171 dea
308 1110 385 1189 (nam
406 1117 436 1172 te
457 1111 617 1172 maioribus
638 1113 682 1172 ire
701 1129 755 1190 per
776 1110 868 1174 altum

126 1195 260 1272 auspiciis
282 1194 541 1265 manifestandos,
564 1197 606 1255 sic
623 1195 682 1255 lata
703 1196 792 1256 deum
810 1212 864 1257 rex

125 1279 246 1339 sortitur
267 1277 412 1355 volvitque
434 1279 529 1347 vices,
550 1279 575 1339 is
596 1280 717 1340 vertitur
740 1278 838 1359 ordo),

124 1379 217 1439 pauca
238 1359 291 1421 tibi
313 1379 330 1422 e
348 1359 461 1431 multis,
483 1379 541 1439 quo
561 1362 650 1424 tutior
671 1363 786 1442 hospita
807 1360 914 1424 lustres

126 1462 254 1524 aequora
273 1451 302 1505 et
322 1444 452 1506 Ausonio
472 1446 566 1522 possis
588 1445 742 1507 considere
763 1452 867 1523 portu,

126 1529 279 1606 expediam
302 1527 400 1598 dictis;
424 1527 583 1607 prohibent
603 1546 672 1591 nam
690 1537 787 1591 cetera
809 1546 916 1607 parcae

126 1613 203 1672 scire
224 1612 368 1673 Helenum
386 1613 501 1690 farique
521 1620 599 1673 vetat
617 1614 753 1675 Saturnia
772 1612 855 1674 Iuno.

124 1696 269 1773 principio
291 1693 417 1766 ltaliam,
447 1713 535 1774 quam
556 1704 590 1757 tu
608 1699 665 1758 iam
685 1714 753 1759 rere
774 1699 970 1777 propinquam

124 1779 308 1859 vicinosque,
331 1780 447 1857 ignare,
471 1798 557 1857 paras
577 1781 714 1843 invadere
733 1787 853 1861 portus,

123 1861 211 1940 longa
229 1862 335 1940 procul
356 1863 450 1940 longis
476 1866 519 1924 via
541 1864 640 1926 dividit
659 1866 735 1927 invia
755 1867 853 1926 terris.

124 1953 191 2007 ante
213 1957 241 2006 et
263 1947 414 2008 Trinacria
435 1946 590 2009 lentandus
610 1966 709 2010 remus
730 1949 761 2008 in
783 1948 862 2008 unda

125 2038 154 2090 et
175 2031 242 2090 salis
265 2032 384 2092 Ausonii
401 2029 586 2093 lustrandum
607 2032 729 2093 navibus
748 2049 859 2109 aequor

123 2114 289 2192 infernique
307 2113 388 2174 lacus
408 2115 579 2194 Aeaeaeque
597 2113 692 2176 insula
714 2114 829 2182 Circae,

124 2215 211 2276 quam
232 2205 294 2258 tuta
315 2198 409 2275 possis
430 2197 536 2258 urbem
556 2215 733 2276 componere
750 2205 840 2258 terra.

123 2284 205 2358 signa
226 2281 279 2341 tibi
301 2281 409 2350 dicam,
432 2287 465 2340 tu
485 2280 601 2341 condita
623 2289 721 2342 monte
738 2287 853 2342 teneto:

124 2382 191 2427 cum
211 2365 264 2426 tibi
284 2363 406 2424 sollicito
428 2366 534 2425 secreti
556 2365 593 2426 ad
614 2365 742 2426 lluminis
764 2365 872 2426 undam

122 2447 233 2511 litoreis
255 2450 358 2526 ingens
380 2448 494 2509 inventa
517 2449 571 2510 sub
593 2448 707 2509 ilicibus
726 2466 776 2510 sus

123 2534 240 2610 triginta
260 2535 387 2612 capitum
403 2533 478 2594 letus
500 2535 584 2594 enixa
601 2532 706 2594 iacebit

123 2616 204 2686 alba,
227 2616 289 2677 solo
307 2615 466 2686 recubans,
491 2615 548 2677 albi
571 2619 682 2678 circum
703 2616 796 2679 ubera
818 2619 890 2686 nati,

123 2701 147 2759 is
166 2700 250 2761 locus
271 2699 353 2762 urbis
374 2701 443 2769 erit,
455 2704 587 2787 requies·
604 2719 638 2763 ea
661 2709 739 2762 certa
759 2701 904 2763 laborum.

123 2800 179 2844 nec
201 2793 232 2844 tu
254 2801 422 2844 mensarum
441 2801 557 2846 morsus
578 2787 718 2847 horresce
740 2787 871 2846 futuros:

123 2866 181 2927 lata
202 2867 277 2927 riam
295 2866 441 2926 invenient
462 2866 613 2945 aderitque
631 2876 750 2930 vocatus
771 2867 884 2946 Apollo.

123 2948 176 3008 has
199 2957 297 3008 autern
318 2956 413 3007 terras
429 2947 551 3026 Italique
572 2951 649 3010 hano
667 2950 760 3011 litoris
781 2969 879 3021 oram,

123 3031 256 3107 proxima
272 3048 347 3109 quae
363 3031 456 3089 nostri
473 3030 659 3107 perfunditur
678 3034 813 3110 aequoris
835 3044 917 3095 aestu

124 3114 234 3191 effuge:
257 3120 362 3175 cuncta
382 3112 465 3174 malis
486 3113 655 3176 habitantur
675 3117 791 3176 moenia
813 3117 905 3177 Grais.

122 3198 219 3258 hicet
241 3197 355 3276 Narycii
376 3204 539 3275 posuerunt
558 3199 673 3259 moenia
695 3198 782 3259 Locri

123 3290 151 3341 et
173 3280 346 3342 Sallentinos
364 3280 478 3342 obsedit
498 3281 588 3343 milite
611 3300 730 3360 campos

121 3365 238 3444 Lyctius
259 3365 448 3433 Idomeneus,
469 3365 518 3426 hic
535 3365 583 3428 illa
606 3367 689 3427 ducis
711 3366 846 3428 Meliboei

120 3464 210 3525 parva
232 3446 409 3508 Philoctetae
431 3447 554 3510 subnixa
575 3450 684 3512 Petelia
705 3466 800 3512 muro

121 3534 192 3608 quin
214 3532 265 3593 ubi
286 3530 471 3593 transmissae
489 3536 622 3595 steterint
643 3542 726 3595 trans
747 3553 876 3614 aequora
898 3536 1020 3609 classes,

1082 274 1145 340 teu
