2512 4096
357 807 400 884 r.
426 806 644 888 vnnorm
669 805 897 883 neporus

167 976 212 1074 G
282 981 323 1073 Ε
394 980 438 1077 0
507 979 554 1075 R
624 978 670 1076 G
737 978 762 1088 Ι
831 976 870 1074 O
939 977 983 1074 Ο
1052 976 1095 1074 N

427 1148 559 1209 LIBER
592 1147 827 1210 SECVNDVS.

167 1449 317 1509 Hactenus
340 1467 477 1511 arvorum
500 1450 596 1512 cultus
619 1460 648 1512 ct
669 1451 766 1513 sidera
787 1449 875 1519 caeli;

126 1551 205 1595 nunc
230 1539 273 1602 te,
297 1531 426 1604 Bacche,
451 1553 568 1606 canam,
592 1553 729 1596 necnon
751 1534 894 1596 silvestria
916 1541 1011 1594 tecum

126 1615 251 1694 virgulta
274 1625 303 1677 et
324 1617 438 1696 prolem
460 1619 544 1679 tarde
566 1621 727 1680 crescentis
749 1620 851 1680 olivae.

124 1701 198 1775 huo,
222 1708 307 1779 pater
329 1718 347 1760 o
368 1701 484 1764 Lenaee
508 1701 574 1781 (tuis
596 1702 645 1763 hic
666 1705 764 1764 omnia
785 1703 874 1782 plena

122 1784 310 1855 muneribus,
334 1786 388 1845 tibi
409 1789 566 1865 pampineo
589 1788 726 1865 gravidus
748 1794 891 1848 autumno

123 1868 210 1928 lloret
233 1886 319 1946 ager,
343 1879 461 1948 spumat
481 1870 577 1950 plenis
598 1871 744 1931 vindemia
766 1869 866 1945 labris)

123 1949 195 2020 huc,
220 1959 304 2030 pater
326 1971 344 2012 o
365 1953 496 2025 Lenaee,
518 1957 601 2025 veni,
624 1955 792 2032 nudataque
813 1960 910 2013 musto

122 2037 224 2112 tingue
247 2053 323 2095 novo
346 2054 464 2098 mecum
486 2038 617 2117 dereptis
639 2055 726 2097 crura
749 2037 913 2096 cothurnis.

124 2126 215 2197 tuque
237 2118 307 2179 ades
328 2121 538 2198 inceptumque
560 2139 617 2180 una
640 2120 766 2180 decurre
787 2117 929 2188 laborem,

123 2221 140 2261 o
164 2201 271 2270 decus,
295 2202 426 2263 olamae
448 2204 555 2263 merito
577 2220 646 2280 pars
668 2203 794 2262 maxima
816 2208 944 2262 nostrae.

123 2303 184 2346 non
209 2302 264 2363 ego
287 2295 391 2346 cuncta
414 2287 488 2346 meis
510 2282 649 2364 amplecti
671 2285 805 2347 versibus
827 2293 905 2365 opto,

123 2371 291 2437 Maecenas,
314 2369 477 2448 pelagoque
499 2369 599 2430 volans
622 2370 692 2431 dare
713 2368 777 2430 vela
798 2371 918 2448 patenti,

123 2471 201 2523 non,
223 2451 295 2514 mihi
317 2455 342 2513 si
362 2451 480 2531 linguae
502 2461 619 2514 centum
643 2456 703 2515 sint
724 2472 834 2534 oraque
857 2461 982 2526 centum,

124 2538 223 2598 ferrea
245 2555 310 2597 von.
348 2537 419 2617 ades
442 2546 472 2598 et
493 2539 582 2616 primi
603 2537 669 2616 lege
691 2537 785 2599 litoris
808 2555 904 2606 oram;

122 2623 152 2684 in
175 2619 312 2682 manibus
334 2627 446 2684 terrae:
468 2640 528 2683 non
550 2623 600 2684 hic
620 2631 650 2684 te
672 2624 803 2685 carmine
825 2623 892 2683 licto

123 2712 211 2781 atque
232 2723 287 2784 per
309 2705 448 2783 ambages
471 2713 500 2767 et
521 2706 610 2785 longa
632 2723 736 2767 exorsa
758 2705 876 2767 tenebo.

102 2854 105 2859 ,
163 2789 313 2867 Principio
336 2788 494 2868 arboribus
515 2792 594 2850 varia
617 2797 660 2850 est
681 2796 795 2852 natura·
809 2788 954 2851 creandis.

122 2890 250 2951 namque
273 2871 347 2932 aliae
368 2872 459 2934 nullis
480 2873 633 2935 hominum
655 2874 830 2950 cogentibus
852 2875 932 2950 ipsae

122 2963 228 3036 sponte
251 2974 302 3017 sua
324 2959 445 3017 veniunt
467 2974 645 3037 camposque
668 2965 698 3018 et
718 2956 839 3017 llumina
860 2956 917 3017 late

122 3058 210 3101 curva
233 3046 349 3108 tenent,
373 3047 406 3100 ut
427 3039 516 3101 molle
538 3040 608 3101 siler
628 3040 784 3117 lentaeque
807 3041 950 3118 genistae,

120 3122 248 3202 populus
271 3131 300 3184 et
320 3123 423 3201 glauca
446 3126 581 3186 canentia
603 3124 709 3185 fronde
730 3123 846 3192 salicta3

121 3225 190 3286 pars
212 3215 311 3268 autem
331 3210 430 3288 posito
451 3217 578 3287 surgunt
600 3208 637 3269 de
659 3210 786 3280 semine,
809 3218 843 3270 ut
864 3207 939 3269 altae

122 3299 291 3361 castaneae,
315 3309 536 3373 nemorumque·
551 3294 613 3354 lovi
635 3308 710 3369 quae
731 3294 858 3354 maxima
879 3291 997 3353 frondet

120 3373 272 3444 aesculus,
296 3383 382 3455 atque
404 3376 521 3438 habitae
543 3378 628 3439 Grais
650 3377 770 3438 oracula
792 3394 931 3455 quercus.

120 3458 244 3538 pullulat
266 3457 303 3519 ab
324 3460 424 3521 radice
445 3459 509 3522 aliis
532 3460 707 3523 densissima
729 3458 809 3532 silva,

1112 1795 1127 1845 b

1114 2042 1130 2092 8

1098 2123 1130 2176 39

1097 2210 1131 2261 40

1097 2293 1130 2343 42

1096 2460 1129 2513 43

1096 2711 1130 2765 46

1112 2791 1178 2847 9.

1096 2878 1129 2930 10

1097 3295 1244 3347 ib.
