2512 4096
161 248 220 308 stt
495 257 636 303 venetur
655 256 777 304 anneis
796 257 831 303 xr

161 413 271 475 suffuso
293 410 442 473 revolutus
463 428 538 489 equo
560 411 631 471 dum
654 409 770 487 colligit,
793 410 864 471 alter

161 498 232 558 dum
252 494 330 556 subit
350 513 385 555 ac
406 494 538 556 dextram
559 492 669 555 labenti
690 494 782 554 tendit
802 496 954 563 inermem,

161 580 336 658 praecipites
357 580 526 657 pariterque
547 587 647 640 ruunt.
680 578 728 657 ¹his
749 578 828 638 addit
848 579 1022 638 Amastrum

161 663 354 742 Hippotaden,
376 663 566 741 sequiturque
584 660 757 722 incumbens
778 663 891 722 eminus
911 661 997 721 hasta

161 746 315 824 Tereaque
328 744 581 824 Harpalycumque
597 755 625 806 et
639 744 862 823 Demophoonta
879 744 1106 825 Chrominque:
1134 753 1181 805 titt

163 837 292 909 quotque
312 829 417 890 emissa
438 846 526 889 manu
548 830 689 889 contorsit
710 827 821 907 spictda
842 830 934 905 virgo,

162 921 205 974 tot
222 913 341 992 Phrygii
363 912 496 974 cecidere
517 912 580 972 viri.
613 911 717 990 procul
739 909 867 991 Ornytus
888 914 980 972 armis

162 997 268 1076 ignotis
287 1005 317 1058 et
338 1014 414 1075 equo
434 1003 554 1056 venator
576 995 682 1074 Iapyge
702 996 804 1066 lentur,

164 1082 211 1142 cui
233 1079 316 1159 pellis
333 1078 408 1140 latos
429 1096 548 1140 umeros
568 1089 669 1157 erepta
692 1080 814 1140 iuvenco

163 1163 319 1244 pugnatori
340 1165 444 1241 operit,
464 1170 552 1241 caput
570 1163 673 1239 ingens
694 1163 755 1223 oris
775 1162 871 1223 hiatus

164 1256 194 1310 et
215 1245 309 1309 malae
329 1255 430 1308 texere
449 1244 511 1324 lupi
533 1264 600 1306 cum
621 1244 756 1307 dentibus
774 1245 858 1314 albis,

162 1332 345 1410 agrestisque
362 1347 466 1392 manus
486 1336 580 1391 umet
600 1347 718 1407 sparus;
738 1331 802 1407 ipse
821 1330 944 1389 catervis

163 1415 285 1474 vertitur
306 1415 337 1474 in
355 1414 458 1474 medils
481 1422 510 1474 et
530 1421 590 1473 toto
611 1414 719 1474 vertice
741 1422 866 1490 suprast.

164 1496 243 1557 hunc
261 1495 309 1556 illa
330 1505 484 1576 exceptum
505 1495 710 1577 (nequeenim
731 1494 815 1557 labor
837 1496 953 1573 agmine
975 1499 1079 1571 verso)

164 1581 261 1640 traicit
282 1586 311 1640 et
332 1597 422 1657 super
442 1579 518 1641 haec
538 1580 656 1640 inimico
678 1587 797 1657 pectore
819 1579 912 1639 fatur:
1131 1585 1181 1638 ote

166 1661 259 1723 ‘silvis
279 1670 318 1732 te,
341 1662 501 1741 Tyrrhena,
525 1662 603 1724 ieras
625 1665 737 1738 agitare
756 1664 881 1742 putastil

166 1745 281 1807 advenit
299 1746 350 1823 qui
370 1752 466 1806 vestra
484 1744 547 1805 dies
568 1744 760 1806 muliebribus
783 1748 871 1807 armis

166 1829 255 1890 verba
276 1828 470 1906 redarguerit.
502 1845 611 1889 nomeu
629 1837 727 1889 tanmn
750 1830 821 1890 haut
840 1829 902 1892 leve
922 1840 1043 1907 patrum

166 1911 300 1974 manibus
321 1911 378 1972 hoc
398 1912 519 1982 referes,
542 1912 601 1972 telo
622 1912 763 1974 cecidisse
785 1912 942 1973 Camillae!

167 1997 303 2075 protinus
325 1994 512 2056 Orsilochum
533 2004 562 2057 et
584 1995 687 2067 Buten,
711 1996 769 2057 duo
791 1998 918 2057 maxima
939 1996 1094 2058 Teucrum
1130 2002 1180 2056 etit
1255 2025 1256 2050 r

168 2096 301 2159 corpora,
323 2079 373 2140 sed
390 2079 486 2140 Buten
506 2097 641 2141 aversum
662 2079 783 2157 cuspide
803 2081 865 2140 tixit
1255 2076 1256 2080 ’

166 2161 287 2223 loricam
309 2160 479 2240 galeamque
497 2164 584 2233 inter,
606 2181 662 2242 qua
684 2162 758 2224 oolla
777 2163 904 2224 sedentis

167 2246 266 2307 lucent
283 2253 312 2306 et
329 2244 410 2306 laevo
432 2246 579 2324 dependet
598 2265 701 2324 parma
723 2244 842 2317 lacerto,

168 2327 354 2390 Orsilochum
378 2329 493 2406 lugiens
514 2348 711 2409 magnumque
732 2331 835 2407 agitata
859 2347 912 2409 per
935 2327 1040 2389 orbem

169 2411 259 2472 erudit
279 2430 351 2492 gyro
369 2413 490 2473 interior
512 2415 703 2493 sequiturque
725 2422 906 2492 sequentem,
1129 2418 1180 2472 ooo

169 2503 231 2555 tum
250 2494 373 2557 validam
395 2514 508 2575 perque
528 2514 609 2557 arma
631 2497 693 2556 viro
715 2514 826 2575 perque
848 2513 913 2556 ossa
935 2497 1066 2556 securim

169 2577 254 2640 altior
277 2595 423 2657 exurgens
442 2580 537 2639 oranti
557 2589 586 2640 et
606 2578 697 2639 multa
718 2583 850 2657 precanti

170 2665 369 2739 congeminata
388 2662 490 2722 volnus
512 2661 605 2722 calido
627 2663 776 2739 rigatore
798 2662 932 2723 cerebro.

170 2746 271 2807 incidit
291 2747 360 2807 huic
381 2744 536 2822 subitoque
557 2752 678 2822 aspectu
700 2745 820 2805 territus
841 2745 934 2805 haesit

170 2827 416 2909 Appenninicolae
438 2825 560 2887 bellator
578 2826 655 2888 iilius
675 2828 759 2897 huni,
1129 2836 1179 2887 70⁰
1241 2834 1246 2845 '

171 2912 240 2973 haut
261 2913 402 2989 Ligurum
424 2918 581 2981 exuemus,
604 2911 674 2972 dum
692 2910 794 2973 fallere
815 2912 873 2973 lata
893 2912 1037 2973 sinebant.

171 2998 254 3075 isque
275 2995 325 3056 ubi
346 3012 378 3054 se
399 2992 479 3054 nullo
500 2994 558 3054 iam
577 3013 666 3057 cursu
680 2996 811 3058 ‘evadere
831 3013 949 3075 pugnae
1047 2991 1051 2999 ’

172 3096 259 3156 posse
279 3095 376 3156 neque
397 3079 553 3139 instantem
575 3081 705 3159 reginam
728 3090 859 3141 avertere
881 3082 983 3147 cernit

173 3161 292 3222 consilio
313 3179 431 3222 versare
452 3161 534 3224 dolos
552 3165 703 3241 ingressus
721 3172 750 3226 et
773 3170 838 3223 astu

172 3244 272 3321 incipit
292 3244 381 3307 haee:
403 3246 488 3325 ‘quid
508 3254 568 3309 mm
589 3249 749 3326 egregium,
768 3246 792 3305 si
814 3244 921 3307 semina
943 3248 1012 3323 torti
1130 3253 1178 3306 teo

173 3326 237 3388 iidis
260 3330 352 3407 equoi
374 3329 487 3391 dimitte
508 3330 608 3407 lugam
631 3339 659 3390 et
680 3338 709 3392 te
732 3329 894 3389 comminus
915 3345 1009 3407 aequo

173 3429 289 3472 mecum
308 3413 395 3474 crede
416 3413 479 3472 solo
499 3428 674 3492 pugnaeque
695 3414 814 3489 accinge
829 3411 971 3490 pedestri:

174 3495 231 3557 iero
253 3514 365 3567 nosces
385 3504 504 3557 ventosa
525 3495 599 3556 ierat
619 3498 666 3557 cni
686 3495 778 3574 glorie
800 3494 952 3555 fraudem!
