2512 4096
167 283 227 347 124
507 292 649 343 venerer
670 294 795 344 annms
817 296 844 342 11

164 449 319 530 expedior;
344 450 421 511 dant
431 447 489 511 tela
507 448 605 512 locum
628 449 822 530 flammaeque
841 452 993 513 recedunt.

204 534 299 612 Atque
320 532 371 596 ubi
390 534 450 594 iam
469 534 581 612 patriae
601 541 775 613 perventum
796 535 833 596 ad
852 534 951 596 lintirm
976 534 1053 596 sedis

163 618 354 697 antiquasque
375 617 492 687 domos,
513 618 644 695 genitor,
665 636 754 697 quem
774 616 878 680 tollere
899 620 929 678 in
949 617 1023 679 altos
1129 629 1180 683 aas

162 701 301 780 optabam
321 703 450 780 primum
471 703 579 763 montis
599 702 786 782 primumque
803 702 954 781 petebam,

162 783 289 865 abnegat
309 788 405 848 excisa
426 787 514 848 viem
532 786 700 865 producere
721 785 809 848 Troia

163 867 340 950 exiliumque
358 870 428 950 pati
472 878 539 930 ‘vos
561 888 594 941 o,
615 869 721 950 quibus
742 870 857 947 integer
879 871 942 931 aevi

162 951 294 1032 sanguis'
315 955 355 1016 ait
374 951 557 1032 ‘solidaeque
577 971 631 1015 suo
651 959 728 1014 stant
748 952 858 1015 robore
879 954 966 1022 vires,

162 1055 213 1098 vos
234 1038 341 1117 agitate
362 1037 472 1116 iugam-
1127 1046 1180 1101 tito

162 1138 210 1183 me
230 1122 255 1181 si
277 1120 432 1184 caelicolae
450 1119 609 1183 voluissem
630 1119 740 1182 ducere
760 1121 862 1190 vitam

161 1203 215 1266 has
235 1205 307 1267 mihi
326 1211 492 1268 servassent
509 1204 604 1266 sedes.
648 1207 717 1266 satis
739 1222 798 1266 una
817 1221 965 1283 superque

162 1288 287 1350 vidimus
308 1290 419 1352 excidia
441 1296 470 1350 et
489 1295 592 1366 captae
613 1289 815 1367 superavimus
834 1287 911 1348 urbi.

163 1373 205 1434 sie
225 1391 243 1433 o
265 1374 308 1434 sio
328 1375 456 1452 positum
478 1372 568 1435 adfati
589 1372 729 1435 discedite
752 1389 869 1451 eorpus.

161 1456 225 1535 ipse
246 1474 335 1519 mann
356 1464 483 1519 mortem
502 1457 661 1527 inveniam
679 1455 866 1519 miserebitur
884 1455 975 1516 bostis
1129 1463 1180 1518 tta

162 1541 339 1619 exuviasque
358 1548 447 1620 petet
493 1540 586 1603 facilis
606 1542 717 1602 iactura
741 1539 899 1619 sepulchri.

162 1627 220 1685 iam
244 1623 359 1702 pridem
377 1624 486 1686 invisus
508 1624 580 1686 divis
597 1632 628 1687 et
646 1625 756 1686 inutilis
779 1640 871 1685 annos

163 1707 318 1779 demoror,
341 1727 377 1769 ex
397 1725 456 1787 quo
479 1725 528 1768 me
549 1707 646 1769 divom
666 1714 750 1786 pater
775 1714 863 1786 atque
881 1706 1034 1767 hominum
1056 1722 1108 1766 rex

163 1790 293 1852 fulminis
315 1790 431 1853 adflavit
451 1792 545 1852 ventis
567 1798 597 1853 et
618 1792 742 1869 contigit
761 1789 846 1869 igni'

204 1874 285 1936 Talia
306 1874 457 1953 perstabat
477 1892 659 1946 memorans,
681 1875 816 1954 fixusque
836 1873 981 1935 manebat.
1128 1883 1180 1938 660

163 1975 217 2019 nos
239 1966 342 2020 nonna
364 1959 448 2020 effusi
470 1958 600 2020 lacrimis
623 1959 809 2037 coniunxque
831 1957 940 2019 Creusa

161 2041 361 2123 Ascaniusque
374 2043 527 2123 omnisque
544 2043 662 2114 domus,
684 2061 723 2103 ne
745 2048 860 2104 vertere
880 2059 981 2103 seeum

163 2133 269 2188 cuncta
288 2134 372 2206 pater
391 2127 511 2206 iateque
530 2128 669 2206 urguenti
687 2125 860 2188 incumbere
881 2124 976 2187 vellet,

163 2207 303 2288 abnegat,
324 2210 500 2291 inceptoque
520 2218 550 2289 et
568 2210 687 2273 sedibus
707 2210 811 2273 haeret
831 2211 861 2271 in
881 2206 984 2271 isdem.

163 2309 267 2353 rursus
284 2295 315 2355 in
336 2311 418 2356 arma
439 2294 534 2366 feror,
558 2303 742 2375 mortemque
762 2294 946 2356 miserrimus
966 2299 1045 2371 opto.
1128 2303 1179 2357 666

163 2392 232 2436 nam
254 2377 333 2455 quod
355 2377 508 2440 consilium
528 2385 578 2439 aut
597 2397 673 2456 quae
690 2381 749 2440 iam
766 2380 884 2440 tortuna
905 2375 1046 2437 dabatur!

164 2467 248 2519 ‘men
271 2460 382 2549 efferre
395 2461 515 2539 pedem,
537 2463 668 2539 genitor,
689 2469 720 2522 te
740 2479 828 2540 posse
847 2460 950 2521 relicto

163 2544 302 2621 sperasti,
322 2550 495 2624 tantumque
516 2545 599 2607 nefas
619 2546 714 2623 patrio
735 2544 842 2606 excidit
864 2543 933 2604 oret

163 2639 188 2688 s1
205 2626 277 2689 nihil
297 2647 334 2690 ex
351 2633 432 2688 muta
452 2628 566 2708 superis
584 2627 680 2705 placet
699 2626 776 2689 urbe
795 2625 922 2705 relinqui

164 2721 193 2772 et
215 2711 298 2773 sedet
318 2710 376 2772 hoc
395 2713 507 2781 animo,
530 2711 737 2790 perituraeque
759 2710 868 2772 addere
886 2708 991 2769 Troiae
1129 2719 1181 2775 660

163 2799 252 2874 teque
274 2800 398 2874 tuosque
420 2796 515 2864 iurat,
539 2800 619 2873 patet
639 2795 688 2855 isti
707 2795 793 2857 ianua
813 2793 887 2864 leto,

163 2878 281 2957 lamque
301 2879 395 2941 aderit
414 2876 508 2940 multo
528 2879 637 2940 Priami
658 2878 695 2940 de
714 2879 856 2956 sanguine
877 2876 1025 2957 Pyrrhus,

163 2968 284 3041 gnatum
305 2969 371 3023 ante
393 2981 445 3024 ora
466 2963 573 3042 patris,
594 2968 709 3042 patrem
730 2963 781 3042 qui
803 2961 961 3024 obtruncat
981 2960 1018 3022 ad
1040 2977 1111 3020 aras.

162 3044 220 3107 boe
241 3053 320 3118 erat,
342 3045 418 3109 alma
439 3064 562 3125 parens,
589 3046 668 3127 quod
687 3064 736 3108 ma
756 3064 811 3126 per
831 3046 904 3116 tela,
926 3063 981 3125 per
1001 3046 1076 3121 ignis

164 3129 269 3208 eripis,
291 3136 324 3191 ut
344 3131 448 3192 mediis
465 3130 581 3194 hostem
602 3133 633 3192 in
653 3128 854 3209 penetralibus
872 3139 964 3207 utque
1128 3137 1178 3190 666

165 3212 322 3275 Ascanium
342 3222 515 3294 patremque
535 3233 634 3276 meum
654 3214 794 3292 iuxtaque
815 3212 955 3274 Creusam

167 3293 291 3358 alterum
308 3298 339 3358 in
361 3296 481 3359 alterius
502 3304 643 3358 mactatos
665 3296 808 3373 sanguine
830 3296 966 3356 cernam?

163 3396 260 3449 arma,
283 3381 353 3451 riri,
374 3381 450 3442 terte
469 3399 567 3450 arma3
590 3385 675 3441 vocat
694 3378 745 3440 lux
765 3377 867 3439 ultima
887 3379 988 3440 victos.

162 3463 276 3525 reddite
292 3482 340 3525 me
361 3464 482 3536 nanus,
504 3464 589 3524 sinite
606 3463 766 3524 instaurata
786 3462 911 3524 revisam

162 3545 283 3626 proelia,
327 3565 485 3630 numquam
506 3564 608 3609 omnes
629 3545 719 3608 hodie
737 3547 898 3608 moriemur
918 3546 1027 3607 inulti?
1127 3552 1179 3610 670
