2512 4096
332 255 363 303 P.
379 253 523 302 ventilat
545 253 698 303 meliorus
721 255 910 305 summario.
1043 258 1131 306 XXIX

207 411 291 470 ‘Ossa
306 415 363 469 eius
379 412 517 486 Neapolim
533 413 661 470 translata
675 422 740 470 sunt
754 414 915 489 tumuloque
930 417 1051 480 condita,
1067 415 1131 491 qui’

123 505 181 557 erat
207 498 266 553 ‘via
285 496 432 553 Puteolana
452 498 523 552 intra
548 496 662 571 lapidem
679 492 885 571 'secundum.'¹)
925 500 1051 573 sepulcro
1072 503 1131 557 eins

121 581 217 640 titulus
243 581 390 654 inscriptus
416 579 571 654 legebatur,
596 598 676 655 quem
695 583 813 639 moriens
839 584 898 656 ipse
918 583 1058 641 dictavisse
1078 584 1120 640 ier

121 658 212 737 tur2),
227 664 285 722 liic:

248 747 354 804 Mantua
368 762 410 802 me
426 748 534 820 genuit,
551 747 652 804 Calabri
668 765 796 822 rapuere,
812 757 888 806 tenet
903 767 975 808 nunc

289 831 474 903 Parthenope:
490 831 575 887 cecini
589 848 687 905 pascua
701 848 764 889 rura
778 833 860 888 duces
868 827 901 906 ³).

120 917 260 973 desertum
280 930 366 990 prope
387 913 589 970 monimentum
605 916 685 971 Silius
705 916 827 980 italicus,
848 918 894 990 qui
913 934 1019 974 summo
1039 918 1131 976 studio

120 998 460 1072 venerabaturVergilium,
472 998 515 1054 die
527 998 608 1055 natali
620 1007 716 1072 poetae
729 1007 760 1055 ut
770 1000 901 1073 templum
906 999 1089 1059 adircsolcbrt
1096 997 1129 1077 ⁴).

205 1083 325 1157 Corpore
346 1090 373 1138 et
393 1089 496 1137 statura
516 1083 650 1157 Vergilius
671 1083 758 1139 iuerat
779 1083 888 1158 grandi,
917 1085 1008 1158 aquilo
1027 1085 1129 1150 colore,

120 1167 188 1224 facie
203 1161 378 1238 reseraturi).
409 1164 563 1222 valetudine
582 1168 633 1223 iam
655 1175 732 1223 antea
746 1183 812 1223 usus
833 1167 921 1224 luerat
941 1170 1024 1224 varia:
1052 1167 1129 1227 ‘nam

120 1307 222 1358 hausta
241 1309 296 1357 sint
313 1314 421 1364 nescio:
445 1312 544 1363 desunt
562 1312 686 1363 inlibris
703 1312 917 1363 Burmannianis
934 1317 962 1363 et
984 1316 1056 1365 teste
1073 1313 1131 1364 Ha·

121 1388 193 1438 geno
209 1372 227 1423 l.
240 1374 258 1424 1.
272 1391 298 1441 p.
310 1382 360 1430 682
374 1379 436 1428 adn.
453 1381 483 1429 in
499 1381 686 1430 Bonnensibus
704 1381 761 1432 167.
780 1380 838 1430 363.
857 1380 893 1431 cf.
911 1379 1129 1432 Reifferscheidii

122 1444 243 1506 quaesit.
263 1443 395 1497 Suetcnn.
414 1448 473 1497 399.

188 1509 305 1562 Futtilis
317 1514 496 1578 allegoristae
509 1515 600 1564 nescio
614 1514 691 1564 cuius
704 1512 778 1579 apud
790 1513 914 1564 Servium
926 1518 955 1564 et
966 1516 996 1564 in
1007 1515 1127 1566 Beruen-

122 1575 199 1626 sibus
224 1591 332 1645 quoque
360 1580 473 1631 scholiis
498 1580 599 1631 leviter
623 1579 780 1645 significata
803 1580 899 1631 fabula
928 1586 970 1631 eet
997 1580 1130 1632 adludere

122 1641 175 1697 ecl.
191 1642 236 1693 III
253 1646 285 1696 74
298 1662 337 1712 sq.
352 1648 482 1713 (scriptae
499 1647 575 1698 illius
587 1662 659 1698 anno
671 1647 731 1712 712)
744 1648 780 1698 ad
791 1647 892 1699 bellum
904 1649 1063 1712 Actiacum,
1076 1664 1129 1714 que

121 1717 314 1774 properantem
331 1731 355 1765 a.
376 1718 424 1766 723
443 1714 590 1766 (laeseram
612 1715 690 1780 sequi
712 1716 816 1765 frustra
832 1715 965 1766 voluisset
981 1715 1127 1781 Vergilius.

121 1790 203 1842 quem
215 1777 401 1832 detestantem
413 1782 486 1833 bella
499 1783 593 1833 civilia
605 1782 662 1832 tale
674 1797 802 1847 umquam
814 1782 958 1833 consilium
969 1783 998 1832 in
1010 1785 1127 1846 animum

120 1843 263 1897 induxisse
280 1849 315 1899 ab
335 1850 407 1899 omni
424 1850 554 1900 abhorret
571 1849 775 1915 probabilitate.
848 1876 852 1881 ·

189 1911 260 1962 item
272 1915 316 1966 vel
328 1921 481 1982 temporum
492 1917 614 1967 rationes
627 1917 695 1967 eatis
709 1916 818 1975 docent,
830 1917 1035 1981 negotiatorem
1048 1917 1129 1980 quen·

123 1976 187 2026 darn
204 1977 246 2041 (ut
258 1983 299 2031 ait
310 1984 400 2034 Acron
418 1984 455 2033 ad
472 1986 539 2034 Hor.
558 1999 640 2036 carm.
652 1983 692 2033 IV
705 1984 747 2046 12)
766 1983 928 2047 Vergilium,
947 1998 1002 2033 non
1020 1987 1131 2047 poetam

122 2047 246 2095 nostium
258 2048 409 2113 significari
420 2051 531 2101 Horatii
544 2065 627 2100 carm.
637 2051 651 2100 1
663 2053 679 2099 3
690 2054 718 2098 et
729 2051 768 2098 IV
781 2052 826 2110 12,
846 2049 981 2111 siquidem
998 2047 1062 2098 libri
1074 2052 1130 2100 tres

123 2111 230 2176 priores
248 2119 397 2167 carminum
414 2118 482 2166 editi
500 2121 563 2167 eunt
582 2131 654 2165 anno
672 2118 722 2165 730
740 2119 857 2163 extremo
876 2113 923 2163 rel
940 2116 1053 2166 ineunte
1071 2118 1129 2180 731,

123 2183 256 2242 quattuor
266 2182 311 2232 vel
330 2185 449 2248 quinque
469 2186 548 2232 annis
561 2187 708 2244 antequam
726 2182 755 2229 in
768 2181 909 2230 Graeciam
927 2182 1069 2245 profectus
1087 2187 1130 2233 est

123 2247 209 2308 Maro,
223 2254 337 2312 quartus
349 2254 442 2299 autem
454 2264 526 2298 anno
540 2248 646 2297 demum
659 2249 715 2310 741,
728 2247 825 2296 utiam
836 2247 865 2295 in
876 2246 971 2313 Elysio
985 2249 1068 2299 fuerit
1081 2248 1129 2300 ille

123 2326 185 2361 cum
193 2313 328 2364 Horatius
338 2315 487 2364 ‘adduxere
499 2315 572 2364 sitim
581 2318 713 2379 tempora,
725 2313 841 2378 Vergili’
854 2315 973 2379 scripsit.
994 2317 1129 2368 0111101]-

122 2393 240 2496 ffnnus
254 2381 287 2496 {2
306 2381 395 2432 diurn.
413 2383 488 2431 univ.
505 2381 560 2432 litt.
573 2383 639 2433 1836
650 2382 705 2432 rol.
719 2382 746 2431 11
760 2398 787 2447 p.
800 2383 848 2432 259
867 2387 895 2432 et
912 2383 1043 2434 Franckii
1062 2384 1128 2435 last.

152 2459 190 2494 or.
231 2483 236 2496 .
299 2463 312 2498 s
355 2484 360 2497 .

191 2461 376 2580 ¹)pDonalliqp.
389 2519 423 2567 63
439 2518 473 2567 R.
491 2516 575 2567 rerba
594 2518 665 2568 sunt.
702 2519 777 2568 ‘ocra
788 2518 841 2566 ciac
852 2517 985 2581 Neapolim
1002 2521 1130 2568 translato

122 2582 276 2633 insecundo
293 2582 325 2632 ab
342 2583 419 2632 arbe'
445 2581 512 2648 (non
530 2581 642 2647 εθῆκ’)
662 2584 783 2634 ‘retiario
800 2585 972 2648 repeliuntor’
994 2584 1130 2650 Hierony·

123 2661 183 2698 mus
200 2646 218 2696 t
235 2647 253 2697 l.
270 2649 354 2699 Probi
370 2650 456 2701 verba
474 2651 537 2701 vide
555 2650 636 2700 infra.

190 2711 211 2775 2)
230 2717 317 2765 ‘atarto
329 2719 469 2768 istiusmodi
484 2721 673 2782 suprascripto,
692 2733 762 2782 quem
779 2719 888 2767 moriens
904 2719 960 2781 ipae
978 2719 1129 2768 dictaverat'

123 2780 315 2845 Hieronymus.
352 2787 393 2834 ‘ia
411 2800 460 2849 qno
478 2787 603 2836 medebam
618 2786 683 2848 fecit
699 2787 765 2834 tale'
786 2786 913 2836 Donatus
930 2800 957 2848 p.
975 2786 1008 2834 63
1025 2786 1058 2835 R.
1088 2786 1130 2834 ‘im

122 2849 177 2897 eiua
194 2852 323 2911 sepulcro,
352 2854 421 2916 quod
440 2859 480 2901 eei
505 2855 531 2901 in
548 2854 590 2904 aia
611 2853 765 2910 Puteolana,
787 2851 835 2902 lroc
853 2853 944 2916 tepitur
965 2853 1128 2916 epipromma’

123 2913 230 2965 Probus
248 2915 276 2964 in
293 2917 353 2966 rita
372 2933 398 2981 p.
419 2919 432 2966 1
451 2919 485 2968 K.

190 2977 213 3045 ¹)
230 2981 316 3032 Extat
328 2983 402 3048 apud
419 2984 538 3036 Probum
549 2986 688 3035 Donatum
699 2985 908 3050 Hieronymum,
925 2985 980 3035 nisi
992 2985 1064 3049 quod
1075 3002 1101 3037 v.
1114 2988 1129 3036 2

122 3061 221 3110 paecoa
241 3064 316 3128 poma
342 3051 455 3130 pierepee
475 3052 559 3102 Probi
584 3052 737 3103 Vaticanus
760 3053 884 3115 exhibet,
915 3067 985 3116 quaa
1012 3053 1126 3117 interpo-

125 3113 478 3249 latol)nllsatcrll)allllale⁸qlrllallta
496 3184 557 3236 Silii
578 3184 685 3235 Plinius
703 3186 784 3252 epist.
800 3186 843 3236 111
861 3188 889 3248 7,
908 3187 924 3234 8
943 3184 976 3235 de
994 3201 1039 3236 eo:
1060 3191 1129 3236 ‘mom

128 3249 236 3314 Vergilii
259 3252 379 3316 imopinea
402 3259 460 3301 ante
482 3269 566 3304 omnes
588 3268 652 3319 quoe
673 3259 798 3303 coemerat
823 3253 992 3303 venerabatur
1015 3254 1129 3317 diemque

124 3318 235 3366 natalem
247 3320 300 3367 etue
316 3320 459 3383 relipicer'ne
471 3337 544 3386 quom
560 3336 630 3370 raum
647 3321 802 3377 celebrabat,
821 3320 932 3383 Neapoli
948 3320 1068 3380 maxime,
1088 3319 1130 3368 obi

124 3385 294 3434 monimentum
311 3387 365 3436 eim
382 3388 456 3436 adire
473 3394 501 3438 ui
517 3390 632 3451 templum
648 3387 765 3442 solebat)
785 3385 820 3437 ci.
839 3385 976 3436 Martialis
993 3386 1033 3435 XI
1049 3387 1082 3435 48
1101 3388 1129 3434 et

123 3452 170 3514 ⁴⁹³
191 3454 888 3585 battitiis,tribualittlt
913 3520 1063 3583 rantra...
1087 3532 1128 3583 q...
