2512 4096
197 250 257 313 tos
532 260 674 308 vnnuuu
691 261 816 310 snusrs
831 263 868 309 xr

198 418 302 494 exigua
319 417 454 492 ingentis,
476 416 585 474 misero
603 413 656 474 sed
669 413 766 475 debita
787 418 872 493 patri.

196 500 269 561 haut
290 516 395 576 segnes
416 497 465 558 alii
486 504 582 558 crates
603 502 632 558 et
653 497 740 558 molle
757 498 898 559 teretrum

198 581 328 644 arbuteis
346 588 449 642 texunt
469 582 557 660 virgis
579 587 608 641 et
628 581 734 641 vimine
756 599 869 659 querno
1182 598 1213 650 aa

195 673 403 743 extructosque
424 672 505 725 toros
527 663 650 724 obtentu
668 664 780 725 frondis
799 664 979 726 inumbrant.
1193 669 1195 671 ’

195 749 244 810 hic
264 750 399 809 iuvenem
421 748 529 827 agresti
550 747 705 809 sublimem
720 750 859 810 stramine
883 757 1010 827 ponunt.

195 831 312 910 qualem
332 833 463 910 virgineo
485 831 651 892 demessum
670 831 776 910 pollice
795 831 898 893 florem

194 933 247 976 scu
264 914 360 976 mollis
382 915 474 977 violae
491 932 544 976 seu
563 915 728 993 languentis
749 914 906 994 hyaclndri,

195 1000 242 1059 cui
263 1016 360 1077 neque
377 997 475 1077 fulgor
494 998 590 1059 adhuc
614 998 759 1059 necdum
780 1017 833 1059 sua
850 998 945 1060 forma
966 1004 1114 1065 recensita
1181 1014 1212 1064 to

194 1098 255 1143 non
275 1083 333 1142 iam
350 1091 445 1143 mater
465 1081 517 1142 alit
535 1080 621 1142 tellus
640 1083 774 1160 viresque
792 1082 945 1143 ministrat.
1004 1113 1014 1126 ·
1246 1086 1248 1169 4

193 1173 256 1225 tum
279 1167 409 1244 geminas
429 1174 525 1228 vestes
546 1183 678 1243 auroque
698 1175 837 1244 ostroque
857 1167 980 1242 rigentis
1247 1182 1248 1199 ¹

194 1247 296 1311 extulit
317 1251 438 1320 Aeneas,
462 1266 535 1328 quas
553 1247 595 1309 illi
612 1247 688 1310 laeta
708 1248 842 1310 laborum

192 1333 256 1410 ipsa
276 1332 337 1393 suis
357 1333 506 1414 quondam
527 1331 662 1393 manibus
682 1333 801 1393 Sidonia
822 1331 894 1393 Dido

193 1415 303 1475 fecerat
325 1422 354 1476 et
376 1417 457 1477 tenui
477 1415 550 1477 telas
572 1416 750 1478 discreverat
770 1433 853 1477 auro.
1179 1428 1210 1479 tt

192 1498 298 1558 harum
321 1517 409 1559 unam
430 1500 528 1561 iuveni
552 1517 723 1577 supremum
745 1506 873 1561 maestus
892 1498 1040 1562 honorem

192 1581 287 1641 induit
307 1599 485 1661 usurasque
505 1599 605 1642 comas
627 1581 752 1643 obnubit
771 1584 890 1654 amictu,

192 1664 342 1743 multaque
363 1673 517 1743 praeterea
539 1665 692 1727 Laurentis
713 1667 844 1745 praemia
866 1682 983 1744 pugnae

191 1755 312 1826 aggerat
333 1757 362 1810 et
377 1749 465 1827 longo
487 1748 627 1827 praedam
647 1749 730 1810 iuhet
749 1750 852 1811 ordine
874 1750 951 1811 duct.

192 1829 287 1913 [addit
310 1850 400 1912 equos
422 1840 451 1894 et
473 1830 539 1900 tela,
561 1831 667 1911 quibus
687 1832 860 1910 spoliaverat
882 1832 1024 1916 hostem]
1175 1844 1206 1896 tt

191 1915 323 1976 vinxerat
344 1923 373 1976 et
393 1923 461 1996 post
482 1923 565 1995 terga
586 1933 699 1985 manus,
721 1934 795 1995 quos
811 1919 941 1978 mitteret
958 1917 1079 1981 umbris

191 2000 318 2067 inferias,
341 2017 427 2062 caeso
448 2017 606 2080 sparsurus
627 2001 769 2079 sanguine
789 1999 930 2070 flammas,

191 2083 372 2162 indutosque
383 2083 465 2146 iubet
486 2092 608 2146 trunam
630 2084 785 2146 hostilibus
806 2088 895 2145 armis

190 2168 269 2244 ipsos
288 2167 368 2229 terre
391 2169 481 2230 duces
500 2169 674 2247 inimicaque
696 2169 815 2230 nomina
835 2168 893 2246 ligi.

190 2250 306 2312 ducitur
326 2251 426 2313 infelix
446 2270 516 2313 aevo
539 2252 690 2314 confectus
707 2255 844 2314 Acoetes:
1171 2261 1203 2311 tto

187 2342 308 2411 pectora
329 2353 408 2397 nunc
430 2336 551 2397 foedans
573 2337 687 2414 pugnis,
711 2354 789 2397 nunc
811 2333 959 2412 unguibus
981 2351 1035 2395 ora

188 2420 328 2479 sternitur
347 2426 377 2480 et
395 2427 457 2480 toto
477 2421 626 2497 proiectus
649 2436 774 2498 corpore
794 2426 902 2481 terrae.
915 2463 923 2479 .
937 2462 967 2478 ..

188 2500 299 2561 ducunt
318 2509 346 2562 et
366 2501 474 2563 Rutulo
495 2503 632 2581 perfusos
645 2504 794 2581 ,sauguine
817 2519 931 2563 currus.

187 2592 253 2661 post
274 2583 398 2646 bellator
419 2602 488 2645 ecus
507 2586 611 2665 positis
631 2587 796 2664 insignibus
815 2586 930 2647 Aethon

187 2667 210 2727 it
230 2667 386 2728 lacrimans
408 2669 555 2746 guttisque
576 2676 705 2730 umectat
725 2668 886 2746 grandibus
908 2686 969 2729 ora.
1165 2676 1198 2729 to

187 2749 300 2811 hastam
320 2750 367 2811 alii
388 2749 559 2830 galeamque
576 2750 684 2822 ierunt,
709 2769 778 2812 nam
797 2758 894 2813 cetera
916 2751 1038 2815 Turnus

188 2834 280 2894 victor
300 2833 399 2895 habet.
433 2842 495 2896 tum
513 2842 624 2896 maesta
645 2834 772 2912 phalanx
790 2835 957 2914 Teucrique
978 2841 1118 2898 secuntur

185 2916 391 2997 Tyrrhenique
412 2935 514 2979 omnes
535 2925 565 2979 et
586 2919 679 2980 versis
695 2918 824 2981 Arcades
842 2921 958 2980 armiss

81 3024 84 3028 “
185 3011 340 3081 postquam
363 3003 457 3063 omnis
479 3000 567 3081 longe
588 3002 728 3064 comitum
751 3011 954 3083 praecesserat
975 3002 1063 3073 ordo,

187 3085 316 3146 stubstitit
339 3089 451 3148 Aeneas
473 3087 641 3165 gemituque
661 3087 735 3148 haec
756 3086 866 3148 addidit
883 3085 955 3146 alto:
1165 3090 1192 3143 at

185 3175 257 3228 ‘nos
275 3168 345 3228 alias
365 3169 436 3230 hinc
457 3169 494 3230 ad
514 3168 649 3231 lacrimas
671 3170 773 3231 eadem
793 3169 914 3230 horrida
935 3167 1005 3230 belli

99 3302 148 3331 w
185 3251 244 3311 lata
266 3261 383 3312 vocant:
405 3251 485 3314 salve
506 3260 659 3314 aeternum
679 3253 760 3322 mihi,
783 3253 909 3313 maxime
930 3251 1019 3322 Palla,

184 3342 397 3413 aeternumque
418 3335 500 3396 vale!
531 3352 586 3395 nec
607 3335 692 3413 plura
714 3335 817 3396 effatus
835 3336 872 3396 ad
892 3335 965 3396 altos

184 3418 322 3478 tendebat
346 3436 448 3479 muros
465 3435 658 3497 gressumque
680 3421 711 3478 ln
733 3427 828 3479 castra
850 3418 972 3481 terebat.

228 3503 346 3581 lamque
368 3510 501 3563 oratores
523 3501 645 3562 aderant
668 3520 704 3561 ex
724 3502 798 3562 urbe
817 3503 926 3571 Latina.
1150 3510 1199 3564 10⁰
1246 3504 1248 3523 '
