2512 4096
166 247 227 312 342
485 255 629 304 venerer
653 253 779 303 nnums
794 253 846 301 mr

166 415 244 477 nulla
264 415 338 474 viam
357 411 484 471 Fortuna
505 411 589 488 regit,
611 408 682 469 nibli
703 416 805 470 auctor
825 407 935 486 Apollo
1130 416 1165 468 stt

165 497 313 564 subvenit;
337 505 365 555 et
387 511 489 554 saevos
510 493 620 572 campis
639 492 731 571 magis
751 508 786 552 ec
806 491 901 569 magis
924 491 1044 554 horror

166 578 326 641 crebrescit
348 579 528 656 propiusque
549 574 659 636 malum
681 582 732 636 est.
768 576 825 635 iam
846 573 976 652 pulvere
1000 575 1118 638 caelum

165 671 243 724 stare
266 662 375 723 vident:
396 659 522 721 subeunt
542 660 661 738 equites,
682 665 711 719 et
730 656 840 735 spicula
863 660 973 720 castris

168 746 259 806 dense
281 744 387 805 cadunt
408 743 520 804 mediis.
556 743 578 802 it
599 743 689 802 tristis
708 741 745 801 ad
766 740 886 801 aethera
908 740 1033 802 clamor

165 827 325 889 bellantum
343 828 481 887 iuvenum
501 834 530 886 et
550 825 625 887 duro
645 823 699 886 sub
714 823 806 885 Marte
826 822 1003 886 cadentum.
1134 831 1171 884 dt

166 912 213 972 hie
236 910 340 980 Vsum,
362 910 482 987 indigno
504 909 565 969 nati
587 924 728 968 concussa
750 905 860 976 dolore,

166 995 345 1055 dictamnum
364 993 496 1070 genetrix
516 991 636 1052 Cretaea
659 992 751 1069 carpit
769 988 806 1050 ab
828 989 888 1059 lde,

166 1076 327 1156 puberibus
349 1075 462 1150 casdem
484 1074 558 1134 soliis
577 1083 605 1135 et
626 1073 700 1135 ilore
722 1079 887 1134 comantem

166 1178 316 1239 purpureo
340 1161 408 1237 (non
427 1157 476 1219 illa
497 1159 566 1218 ieris
585 1157 731 1235 incognita
754 1156 849 1234 capris

166 1246 307 1320 gramina,
331 1261 397 1303 cum
419 1249 503 1319 tergo
519 1240 652 1302 volucres
674 1240 795 1301 haesere
818 1239 972 1318 sagittaeJ:
1137 1249 1177 1300 tit

165 1325 222 1386 hoc
240 1325 346 1397 Venus,
369 1326 496 1386 obscuro
517 1325 622 1385 iaelem
643 1322 821 1385 circumdata
843 1320 960 1392 nimbo,

166 1407 281 1475 detcdit;
303 1409 360 1469 hoc
377 1409 475 1470 tusum
494 1406 584 1469 labris
606 1405 825 1486 splendentibus
847 1421 970 1466 emnem

167 1491 258 1551 inlicit
280 1490 394 1551 occulte
414 1491 562 1552 medicans
584 1492 752 1569 spargitque
773 1487 899 1549 salubris

167 1573 330 1633 ambrosiae
351 1578 439 1634 sucos
461 1580 489 1634 et
512 1574 690 1634 odoriferam
713 1588 882 1651 panaceam.

166 1657 236 1715 iorit
258 1675 291 1716 ea
314 1654 416 1717 volnus
437 1654 555 1735 lympha
575 1656 731 1733 longaevos
752 1655 840 1734 iapyx
867 1669 868 1674 ’

166 1739 314 1816 ignorans,
336 1738 490 1818 subitoque
513 1741 607 1799 omnis
632 1739 669 1799 de
691 1755 816 1815 corpore
836 1737 910 1815 fugit

167 1823 275 1901 quippe
297 1820 390 1891 dolor,
414 1823 507 1882 omnis
532 1824 611 1882 stetit
631 1823 689 1882 imo
708 1820 828 1883 volnere
849 1821 988 1897 sanguls;

166 1906 283 1984 iamque
301 1912 399 1966 secuta
421 1922 540 1966 manum
561 1904 640 1965 nullo
663 1913 787 1982 cogente
808 1905 910 1982 sagitta

168 1990 283 2058 excidit,
307 1995 394 2066 atque
416 2007 507 2050 novae
528 1989 645 2050 rediere
666 1990 697 2049 in
717 1989 839 2068 pristina
860 1987 948 2047 vires.

169 2080 265 2133 ‘erma
288 2073 336 2132 citi
353 2081 509 2151 properate
530 2073 609 2132 viro!
632 2072 702 2152 quid
724 2069 838 2132 statisi'
861 2071 949 2148 iapyx
1018 2097 1022 2102 -

167 2153 331 2216 conclamat
348 2158 519 2236 primusque
542 2157 654 2218 animos
675 2154 808 2217 accendit
828 2156 858 2214 iu
880 2152 1009 2214 hostem.

169 2244 242 2297 ‘non
261 2238 335 2299 haec
355 2239 491 2301 humanis
513 2239 626 2317 opibus,
649 2256 709 2298 non
728 2245 790 2299 arte
809 2237 947 2314 magistra

166 2322 341 2398 proueniunt
360 2338 457 2401 neque
478 2331 516 2393 te,
538 2322 645 2393 Aenea,
666 2340 731 2383 mea
749 2321 868 2382 dextera
895 2328 1010 2379 serrat:

167 2405 260 2462 maior
282 2405 340 2482 agit
360 2404 433 2466 deus
452 2413 540 2483 atque
562 2422 652 2482 opera
674 2405 711 2466 ad
728 2407 840 2465 maiora
862 2401 1002 2463 remittit!

168 2482 217 2544 lile
239 2486 338 2546 avidus
359 2505 475 2566 pugnae
493 2505 577 2548 suras
599 2488 756 2549 incluserat
775 2505 847 2547 auro
1068 2490 1071 2495 '
1130 2490 1179 2544 48⁰

167 2565 236 2627 hinc
258 2575 344 2645 atque
364 2569 433 2630 hinc
455 2571 574 2647 oditque
595 2588 693 2631 mores
715 2570 884 2648 hastamque
905 2577 1055 2630 coruscat

166 2656 321 2729 postquam
340 2650 444 2711 habilis
465 2652 549 2712 lateri
569 2652 679 2730 clipeus
700 2651 850 2730 loricaque
871 2660 956 2730 tergo
979 2660 1033 2720 est,

167 2731 322 2792 Ascanium
344 2733 415 2793 fusis
434 2736 545 2794 circum
567 2734 768 2813 complectitur
789 2737 878 2794 ermis

166 2830 338 2893 summaque
360 2833 413 2893 per
435 2816 546 2895 galeam
567 2816 698 2878 delibans
721 2815 819 2877 oscula
843 2817 936 2880 fatur:

168 2896 271 2967 ‘disce
293 2916 376 2977 puer,
398 2901 534 2961 uirtutem
555 2920 590 2963 ex
612 2919 660 2961 me
679 2919 839 2980 rerumque
856 2901 997 2970 laborem,
1125 2907 1174 2959 «sto

167 2981 313 3045 lonunem
336 3002 371 3045 ex
390 2983 461 3044 eliis.
495 3002 574 3046 nunc
595 2992 624 3046 te
642 3002 706 3046 mea
730 2985 850 3046 dextera
871 2983 949 3045 bello

167 3062 320 3126 defensum
337 3066 417 3128 dabit
439 3075 467 3128 et
488 3086 593 3146 magna
616 3071 690 3130 inter
709 3070 838 3147 praemia
860 3069 956 3129 ducet

168 3154 199 3206 tu
221 3147 317 3219 lecito,
341 3168 408 3211 mox
427 3170 493 3213 cum
516 3162 628 3213 matura
646 3151 803 3212 adoleverit
819 3157 907 3221 aetas,

166 3229 206 3288 sis
223 3248 345 3302 memor,
368 3243 397 3293 et
417 3243 447 3295 te
468 3237 564 3295 animo
586 3242 768 3313 repetentem
788 3231 920 3311 exempla
940 3241 1059 3293 tuorum

167 3319 196 3371 et
216 3319 298 3388 pater
319 3316 430 3376 Aeneas
452 3324 480 3376 et
498 3315 656 3378 avonculus
677 3318 783 3376 excitet
800 3316 928 3385 Hector!
1121 3319 1173 3372 4⁴⁰

208 3393 287 3454 llaec
308 3395 358 3456 ubi
380 3399 455 3459 dicta
477 3399 564 3468 dedit,
586 3400 678 3476 portis
700 3415 764 3459 sese
785 3397 886 3458 extulit
906 3399 1018 3474 ingens,

167 3475 256 3538 telum
277 3479 402 3541 immane
423 3499 512 3543 manu
532 3482 681 3558 quatiens
704 3480 790 3541 simul
811 3482 925 3557 agmine
945 3478 1035 3540 denso
