2512 4096
124 297 184 359 itu
459 306 605 355 vanem
625 307 753 356 uanis
775 308 799 351 v

122 472 290 544 praeterea,
313 464 338 523 si
356 480 434 523 nona
453 462 531 523 diem
552 459 726 522 mortalibus
743 461 853 522 almum

121 555 236 609 Aurora
254 544 391 607 extulerit
408 545 557 624 radiisque
578 545 720 606 retexerit
739 546 859 616 urbem,
1113 559 1143 612 st

121 633 217 710 prima
239 631 314 691 citae
334 629 457 691 'lencris
477 647 586 708 ponam
606 630 767 690 mumma
790 629 906 697 classim

122 715 231 794 quique
250 713 360 792 pedum
382 731 472 774 cursu
489 712 567 774 valet
587 720 617 773 et
637 711 688 790 qui
708 711 818 774 viribus
837 714 933 774 audax

122 804 172 859 ant
193 796 287 858 uculo
310 797 420 858 incedit
439 796 545 858 melior
569 794 740 873 levibusque
759 798 885 873 sagittis,

121 899 175 943 seu
197 881 290 942 crude
311 879 374 940 iidit
393 896 524 959 pugnam
543 881 727 940 committere
749 889 864 948 caestu,

122 966 220 1026 cuncti
237 963 332 1025 adsint
352 965 533 1043 meritaeque
547 970 703 1040 expectent
722 965 852 1040 praemia
873 963 998 1042 palmae.
1111 976 1142 1025 tu

121 1066 175 1108 ere
192 1048 286 1109 favete
307 1066 410 1108 omnes
430 1054 461 1108 et
481 1048 588 1126 cingite
609 1056 743 1124 tempera
763 1047 877 1108 ramis!

164 1131 213 1193 Sic
235 1131 312 1192 latus
333 1130 410 1192 velat
430 1139 563 1192 materna
584 1137 720 1209 tempora
741 1140 847 1209 myrto.

122 1215 180 1277 boe
200 1214 339 1294 llelymus
360 1216 444 1282 lacit,
467 1213 525 1274 boe
546 1213 609 1275 aeri
627 1222 761 1273 maturus
780 1215 915 1283 Acestes,

123 1300 180 1360 buc
198 1316 273 1377 puer
295 1300 452 1367 Ascanius,
474 1299 606 1377 sequitur
625 1313 700 1374 ques
718 1305 815 1358 cetera
838 1297 942 1376 pubes.

122 1380 171 1442 ilie
191 1400 208 1443 e
228 1380 350 1442 concilio
367 1381 464 1442 maltis
486 1398 554 1442 cum
575 1379 694 1440 milibus
711 1379 772 1440 ibat
1109 1394 1142 1449 75

122 1464 160 1526 ati
181 1463 340 1534 tumulum,
362 1481 469 1542 magna
489 1463 604 1525 medius
622 1465 779 1526 comitante
801 1471 927 1525 caterva.

123 1547 171 1610 hie
192 1546 252 1610 (lue
272 1549 328 1608 rite
350 1565 432 1608 mero
452 1546 547 1609 libans
568 1546 719 1608 carchesia
735 1545 853 1608 Bacche

123 1631 217 1692 lundit
236 1629 332 1700 humi,
355 1629 414 1691 (lue
431 1630 506 1692 lacte
528 1648 620 1702 nevo,
641 1631 701 1691 duo
723 1633 865 1707 sanguine
882 1648 984 1700 sacre,

122 1731 346 1795 pmpureesqne
367 1715 435 1775 iacit
456 1713 545 1776 ssores
565 1732 601 1775 ae
621 1712 689 1775 talia
711 1713 802 1774 latur:

123 1797 232 1868 ‘salve
255 1805 355 1858 sancte
378 1814 501 1876 parens:
524 1800 632 1859 iterum
653 1797 777 1867 salvete,
799 1799 913 1875 recepti
1107 1811 1141 1864 so

123 1882 302 1960 nequiquam
324 1882 440 1943 eineres
459 1882 632 1961 animaeque
652 1880 835 1962 umbraeque
856 1885 1012 1958 paternae!

121 1982 182 2026 non
198 1964 279 2026 licuit
300 1964 365 2025 linis
382 1962 469 2026 ltalm
490 1964 644 2045 fataliaque
666 1982 733 2025 arua

123 2066 179 2111 nec
199 2056 298 2110 tecum
317 2049 494 2118 Ausonium,
522 2051 700 2128 quicumque
721 2056 778 2117 est,
805 2064 950 2126 quaerere
971 2048 1126 2130 Thybrim.

121 2132 236 2194 dixerat
255 2131 343 2201 haec,
367 2132 460 2212 adytis
482 2151 549 2194 eum
568 2131 701 2194 lubricus
722 2132 826 2209 angus
847 2131 885 2192 ab
903 2133 969 2192 imis

121 2222 234 2293 septem
251 2217 355 2292 ingens
376 2233 476 2294 gyros,
498 2223 618 2295 septena
639 2214 786 2276 volumina
806 2217 909 2285 traxit,
1104 2229 1139 2284 85

124 2295 275 2374 amplexus
296 2296 409 2376 placide
428 2299 575 2360 tumulum
595 2299 753 2379 lapsusque
773 2316 828 2377 per
849 2315 928 2368 aras,

122 2377 275 2441 caeruleae
295 2381 341 2440 cui
361 2387 444 2458 terga
466 2389 553 2442 nome
575 2383 742 2444 maculosus
763 2389 791 2442 et
813 2401 884 2443 auro

122 2479 283 2606 litim
294 2463 824 2612 ¹ttl‘liitiltits‘lll'llffl

121 2627 262 2707 obstipuit
283 2627 343 2688 visu
365 2629 487 2689 Aeneas.
530 2629 580 2691 ille
598 2631 713 2709 agmine
735 2629 823 2707 lengo
1103 2649 1138 2702 90

119 2711 238 2773 undem
256 2710 333 2771 inter
354 2717 470 2788 pateras
492 2718 521 2772 et
540 2711 614 2773 levia
634 2711 740 2791 poeula
763 2730 886 2792 serpens

121 2791 276 2873 libavitque
295 2793 384 2871 dapes
405 2810 568 2876 mersaeque
588 2798 724 2857 innoxius
744 2797 803 2858 imo

121 2877 261 2938 successit
278 2877 391 2939 tumulo
413 2887 441 2940 et
462 2879 581 2958 depasta
603 2879 703 2942 altaria
721 2879 813 2962 liquit.

120 2958 177 3021 boc
198 2959 290 3041 magis
310 2960 442 3040 inceptos
463 2966 588 3041 genitori
605 2967 747 3027 instaurat
768 2966 913 3036 honores,

120 3042 263 3114 incertus,
287 3047 444 3123 geniumne
467 3046 523 3110 loci
543 3049 724 3112 famulumne
745 3051 875 3129 parentis
1022 3101 1030 3116 .
1101 3066 1135 3120 lt

119 3142 185 3188 esse
203 3137 301 3206 putet:
325 3130 419 3192 caedit
439 3131 522 3193 binas
544 3134 683 3196 demere
703 3133 829 3195 bidentis

119 3215 219 3288 totque
241 3229 322 3282 sues,
345 3215 465 3276 totidem
483 3217 624 3294 nigrantis
644 3225 727 3295 terga
749 3217 901 3286 iuvencos,

120 3292 242 3372 vinaque
264 3295 405 3359 fundebat
421 3299 737 3378 paterisanimamque
757 3298 881 3360 necabat

119 3376 262 3441 Anchisae
284 3381 382 3457 magni
403 3381 554 3460 manisque
569 3381 735 3444 Acheronte
753 3384 901 3444 remissos.

119 3477 173 3521 nec
194 3479 254 3523 non
277 3470 306 3524 et
324 3462 407 3534 socii,
430 3482 505 3543 quae
528 3467 631 3546 cuique
649 3474 693 3528 est
711 3469 808 3547 copia,
831 3468 899 3530 laetr
1085 3486 1137 3538 ιω

117 3541 194 3607 dona
217 3546 329 3618 lerunt,
353 3555 477 3610 onerant
495 3565 562 3611 aras
581 3558 768 3631 mactantque
789 3553 942 3621 iuvencos,
