2512 4096
453 299 596 349 vnnnlnl
612 300 735 349 Annnls
751 301 801 348 ΧΠ

166 453 227 516 Nec
245 453 341 514 minus
362 452 485 522 deneas,
508 469 684 532 quamquam
706 453 817 515 tardata
840 456 942 531 sagitta

124 536 269 600 interdum
291 552 387 614 genua
405 535 567 613 impediunt
587 554 765 617 cursumque
785 544 931 608 recusant,

123 619 285 697 insequitur
304 617 469 696 trepidique
488 618 594 697 pedem
615 620 691 698 pede
712 620 841 681 fervidus
860 627 961 700 urget:

123 700 269 763 inclusum
289 699 376 762 veluti
397 700 540 778 siquando
558 699 679 763 ilumlne
700 710 822 764 nanctus
981 721 983 726 ·

124 802 242 847 cervom
260 790 310 844 aut
329 782 471 861 puniceae
491 790 624 861 saeptum
646 784 801 846 formidine
821 785 928 864 pinnae

123 874 243 929 venator
263 884 351 927 cursu
375 867 454 925 oanis
476 873 504 926 et
521 866 673 928 latratibus
695 870 795 936 iustat;

121 950 170 1012 dle
191 957 297 1020 autem,
319 948 430 1009 insidiis
450 955 478 1009 et
499 950 564 1028 ripa
585 951 703 1012 territus
725 950 790 1020 alta,

121 1032 200 1094 mille
221 1033 297 1112 iugit
305 1033 480 1109 refugitque
499 1034 574 1101 vias;
594 1039 624 1092 at
643 1034 753 1095 vividus
770 1032 880 1096 Umber

121 1115 226 1176 haeret
245 1115 338 1185 hians,
359 1116 552 1194 iamiamque
573 1121 654 1177 tenet
672 1116 832 1195 similisque
853 1118 963 1176 tenenti

122 1199 267 1276 increpuit
288 1196 370 1258 malis
392 1214 551 1275 morsuque
568 1197 666 1259 elusus
683 1201 762 1260 inani
783 1208 835 1260 est.

121 1290 184 1342 tum
205 1298 274 1341 vero
296 1282 426 1342 exoritur
448 1279 567 1350 clamor,
586 1281 725 1360 ripaeque
747 1282 884 1360 lacusque

94 1430 97 1435 ,
121 1371 295 1442 responsant
316 1364 394 1424 cirea
415 1370 445 1423 et
465 1361 577 1423 caelum
598 1371 680 1425 tonat
699 1382 785 1426 omno
806 1364 941 1425 tumultu.

122 1447 170 1507 ide
191 1446 277 1508 simul
297 1446 410 1524 fugiens
431 1444 554 1507 Rutulos
573 1447 661 1507 simul
679 1449 811 1527 increpat
830 1450 934 1516 omnis,

122 1531 240 1590 nomine
261 1547 406 1608 quemque
427 1546 543 1599 vocans,
564 1536 725 1609 notumque
746 1529 883 1609 efflagitat
905 1547 1013 1592 ensem.

122 1612 234 1673 deneas
252 1618 378 1673 mortem
400 1619 500 1673 contra
519 1629 716 1692 praesensque
734 1615 860 1676 minatur

123 1695 250 1764 exitium,
269 1695 293 1754 si
314 1695 466 1775 quisquam
487 1696 580 1765 adeat,
602 1702 751 1777 terretque
768 1698 918 1758 trementis

122 1779 288 1839 excisurum
309 1777 412 1838 urbem
434 1778 571 1839 minitans
593 1785 622 1840 et
643 1782 757 1841 saucius
780 1781 876 1841 instat.

122 1862 251 1940 quinque
272 1860 351 1922 orbis
373 1859 491 1939 explent
512 1880 601 1923 cursu
623 1864 800 1942 totidemque
821 1869 956 1922 retexunt

121 1944 179 2005 hnc
200 1943 281 2014 illuc;
307 1962 404 2022 neque
426 1945 503 2005 enirn
525 1943 598 2004 levia
620 1953 671 2005 aut
690 1945 802 2005 ludicra
824 1951 962 2021 petuntur

122 2029 259 2105 praemia,
282 2027 333 2087 sed
354 2027 445 2086 Turni
467 2026 504 2086 de
525 2029 581 2087 vita
603 2034 631 2087 et
651 2029 791 2104 sauguine
816 2032 936 2086 certant.

121 2110 198 2170 iorte
220 2125 302 2169 sacer
324 2108 425 2168 Fauno
446 2107 522 2169 foliis
544 2107 668 2169 oleaster
689 2110 796 2169 amaris

121 2191 169 2251 hic
192 2197 320 2260 steterat,
343 2190 437 2251 nautis
455 2188 524 2251 oiim
546 2191 710 2252 venerabile
726 2190 847 2270 lignum,

122 2274 226 2335 servati
247 2292 282 2334 er
304 2273 390 2334 undis
412 2271 462 2342 ubi
480 2273 570 2351 figere
591 2273 667 2335 dona
688 2274 821 2335 solebant

121 2357 258 2419 Laurenti
281 2356 345 2417 divo
367 2363 396 2416 et
417 2363 499 2416 votas
519 2357 699 2435 suspendere
721 2366 815 2419 vestes

122 2440 173 2501 sed
196 2441 316 2517 stirpem
336 2439 443 2499 Teucri
464 2438 543 2500 nullo
565 2440 731 2502 discrimine
751 2457 867 2503 sacrum

122 2521 307 2593 sustulerant,
328 2538 405 2602 puro
423 2529 456 2582 ut
476 2533 594 2601 possent
614 2541 791 2586 concurrere
810 2543 914 2604 campo

121 2605 170 2665 hic
186 2605 267 2666 hasta
289 2605 404 2667 Aeneae
426 2605 528 2676 stabat,
552 2606 610 2668 huc
631 2608 756 2685 impetus
778 2606 855 2669 illam

122 2687 266 2749 detulerat
282 2688 369 2748 fixam
391 2695 419 2748 et
441 2687 519 2750 lenta
540 2691 639 2751 radice
658 2691 785 2752 tenebat.

123 2771 255 2833 incubuit
272 2771 417 2850 voluitque
438 2790 526 2834 manu
545 2773 708 2836 convellere
726 2775 837 2835 ierrum

122 2853 299 2915 dardanides
316 2853 432 2934 teloque
453 2857 545 2934 sequi,
568 2874 656 2935 quem
674 2857 820 2937 prendere
844 2875 931 2919 cursu

122 2953 180 2995 uon
201 2942 324 3014 poterat
358 2943 420 2996 tum
440 2954 511 2996 roro
529 2955 629 3000 amens
647 2938 803 3000 formidine
822 2940 940 3000 Turnus
1048 2930 1058 2949 ⁹

123 3018 246 3088 ‘Fauna
270 3033 385 3095 precor,
407 3019 561 3079 miserere'
583 3020 677 3097 inquit
698 3027 802 3098 ‘tuque
823 3022 930 3098 optima
951 3022 1062 3083 ferrum

122 3107 199 3161 terra
221 3109 296 3171 tene,
320 3098 397 3160 colui
417 3108 529 3162 vestros
550 3103 574 3162 si
593 3119 710 3180 semper
729 3101 866 3173 honores,

123 3201 197 3262 quos
215 3190 317 3245 contra
338 3184 491 3245 Aeneadae
512 3182 589 3244 bello
609 3185 706 3246 iecere
723 3184 879 3263 profanos!

123 3267 195 3327 dixit
216 3284 360 3347 opemque
381 3268 428 3329 dei
449 3284 508 3327 nou
531 3285 612 3329 cassa
633 3270 663 3329 in
681 3274 746 3328 vota
768 3269 886 3329 vocarit
1071 3273 1124 3327 700

123 3367 250 3429 namque
268 3350 318 3410 diu
339 3349 453 3410 luctans
472 3349 610 3429 lentoque
632 3353 662 3412 in
683 3352 773 3428 stirpe
793 3357 923 3413 moratus

123 3432 232 3494 viribus
253 3431 332 3493 haud
354 3430 421 3492 ullis
441 3430 528 3493 valuit
550 3434 715 3496 discludere
736 3451 853 3495 morsus

123 3516 239 3577 roboris
257 3517 379 3576 Aeneas.
408 3514 479 3576 dum
497 3517 598 3579 nititur
619 3534 687 3578 acer
708 3523 737 3578 et
758 3517 852 3588 instat,
