2512 4096
176 261 245 323 ³⁰4·
519 266 662 317 vnumm
678 266 804 316 annum
820 268 843 314 x

176 426 323 490 omnibus.
354 425 522 503 adloquitur
544 429 725 484 maerentem
747 430 777 484 et
797 420 903 482 talibus
923 423 1007 484 infit:

177 509 321 579 ‘Rhaebe
343 509 402 580 diu,
422 526 471 570 res
493 509 576 586 siqua
594 507 644 568 diu
664 503 838 567 mortalibus
858 504 917 566 ulla
939 516 995 579 est,

176 596 309 656 viximus.
346 600 397 655 aut
417 592 506 653 bodie
524 592 618 652 victor
636 589 728 668 spolia
748 588 797 651 illa
821 592 935 651 cruenti

176 687 205 741 et
226 684 315 756 caput
332 678 448 739 Aeneae
469 675 581 738 referes
600 675 746 753 Lausique
767 673 903 736 dolorum

175 761 254 825 ultor
276 763 334 823 eris
357 779 474 822 meeum
494 767 553 828 aut,
576 760 671 837 aperit
694 758 719 819 si
738 757 819 819 nulla
839 760 917 820 riam
938 762 995 831 vis,

175 845 335 907 occumbes
353 847 479 924 parilem
502 862 599 921 neque
622 844 709 912 enim,
727 843 894 912 fortissime,
917 845 1023 916 credo,

175 933 254 992 iussa
276 929 369 992 aliena
390 929 451 1008 pati
473 935 503 990 et
522 928 656 989 dominos
681 926 842 1003 dignabere
863 927 1020 990 Teucros!

175 1015 248 1076 dixit
269 1020 299 1075 et
320 1020 459 1091 exceptus
479 1020 563 1090 tergo
587 1018 727 1073 consueta
746 1009 852 1072 locavit

175 1097 309 1159 membra
330 1115 494 1175 manusque
516 1095 618 1157 ambas
637 1093 741 1156 iaculis
760 1096 892 1157 oneravit
914 1099 1021 1170 aeuus,

175 1199 245 1243 aere
265 1190 352 1259 caput
373 1180 488 1258 iulgens
508 1181 655 1259 cristaque
677 1178 809 1241 hirsutus
830 1181 946 1258 equina.

177 1268 220 1327 sio
242 1283 362 1326 cursum
380 1266 411 1324 in
432 1265 545 1326 medios
565 1265 686 1343 rapidus
705 1264 800 1326 dedit:
821 1271 935 1326 aestuat
954 1265 1067 1345 ingens

175 1367 234 1411 uno
257 1351 287 1409 in
310 1348 400 1410 corde
420 1350 516 1429 pudor
535 1350 686 1427 mixtoque
707 1348 818 1409 insania
835 1346 925 1410 luctu.

174 1441 263 1510 etque
283 1432 332 1493 bic
350 1434 468 1494 Aenean
487 1450 593 1510 magna
615 1440 660 1493 ter
681 1451 753 1493 voce
774 1433 894 1494 vocavit

174 1519 287 1578 leneas
309 1518 427 1594 agnovit
448 1519 526 1578 enim
545 1517 698 1596 laetusque
718 1525 874 1597 precatur:

174 1601 233 1660 ‘sic
254 1607 337 1677 pater
359 1600 408 1661 ille
429 1601 518 1663 deum
539 1600 635 1670 iaciat,
658 1602 700 1662 sio
722 1600 799 1662 altus
819 1600 935 1680 Apollo!

174 1683 295 1761 incipias
314 1685 451 1746 conterre
470 1687 610 1746 manum!

174 1774 287 1828 tantum
309 1768 413 1829 effatus
435 1777 464 1830 et
484 1768 589 1830 infesta
607 1769 687 1830 subit
708 1768 811 1831 obvius
829 1770 920 1830 basta.

174 1851 223 1913 ille
244 1859 343 1914 autem
366 1853 450 1932 ‘quid
471 1871 519 1914 me
541 1861 655 1931 erepto,
679 1855 855 1925 saevissime,
878 1860 946 1913 nato

175 1936 288 1997 terresi
309 1935 383 1998 baec
400 1939 443 1998 via
464 1935 526 1998 sola
545 1936 609 2008 luit,
628 1955 686 2018 qua
706 1939 833 2016 perdere
849 1954 962 2017 posses.

174 2036 229 2082 nec
250 2027 376 2081 mortem
397 2021 555 2083 horremus
575 2040 632 2083 nec
651 2022 748 2083 divom
769 2023 917 2100 parcimus
939 2021 1002 2084 ulli.

174 2104 289 2166 desine:
312 2123 382 2166 nam
403 2108 489 2167 venio
509 2109 671 2170 moriturus
694 2115 723 2168 et
744 2106 818 2168 baec
837 2105 890 2166 tibi
912 2115 1001 2185 porto

174 2188 250 2249 dona
271 2191 374 2266 prius.¹
407 2190 480 2251 dixit
500 2189 649 2269 telumque
668 2192 784 2252 intorsit
805 2191 835 2251 in
853 2189 986 2261 bostem;

173 2272 242 2334 imle
262 2272 340 2333 aliud
362 2291 452 2352 super
472 2282 560 2352 atque
584 2274 660 2335 aliud
681 2276 800 2353 figitque
823 2273 961 2351 volatque

173 2356 284 2434 ingenti
305 2374 387 2437 gyro,
410 2357 460 2419 sed
476 2361 599 2420 sustinet
619 2377 726 2420 aureus
745 2358 846 2420 umbo.

173 2445 219 2499 ter
241 2443 353 2501 circum
376 2449 520 2503 astantem
540 2442 638 2502 laevos
657 2445 796 2521 equitavit
814 2445 844 2502 in
868 2441 956 2503 orbes
1142 2454 1188 2511 est

172 2521 230 2584 tela
249 2541 339 2585 manu
360 2526 478 2595 iaciens,
501 2533 547 2586 ter
566 2544 667 2586 secum
688 2526 795 2588 Troius
817 2526 906 2588 beros

172 2608 322 2668 inmanem
344 2615 444 2669 aerato
467 2609 639 2670 circumfert
660 2611 788 2688 tegmine
810 2610 921 2672 silvam.

173 2691 242 2752 inde
258 2690 309 2751 ubi
326 2698 370 2750 tot
391 2693 515 2752 traxisse
537 2710 645 2763 moras,
664 2699 709 2752 tot
727 2693 838 2771 spicula
861 2696 960 2757 taedet

172 2773 279 2835 vellere
298 2781 327 2834 et
348 2782 472 2851 urgetur
492 2791 592 2852 pugna
612 2793 789 2855 congressus
811 2779 920 2857 iniqua,

170 2856 263 2918 multa
283 2874 404 2919 movens
421 2859 517 2919 animo
538 2861 596 2920 iam
618 2860 735 2922 tandem
759 2864 887 2940 erumpit
906 2871 935 2922 et
956 2866 1045 2928 inter·

170 2939 322 3003 bellatoris
344 2943 411 3020 equi
433 2961 501 3004 cava
522 2952 655 3023 tempora
678 2947 785 3007 conicit
803 2946 926 3007 hastam.

171 3025 245 3086 tollit
264 3043 297 3087 se
318 3034 468 3088 arrectum
490 3030 658 3109 quadrupes
679 3039 708 3092 et
729 3030 858 3092 calcibus
880 3048 967 3094 auras
1043 3061 1048 3069 s

170 3109 307 3170 verberat
329 3111 513 3190 effusumque
532 3115 660 3194 equitem
682 3133 773 3193 super
794 3117 856 3194 ipse
877 3124 996 3178 secutus
1021 3133 1025 3140 ·

171 3191 304 3271 implicat
325 3195 479 3273 eiectoque
499 3197 641 3259 incumbit
661 3217 790 3261 cernuus
812 3216 904 3259 armo.

171 3275 301 3339 elamore
322 3278 484 3340 incendunt
504 3281 619 3342 caelum
640 3281 791 3362 'l'roesque
812 3282 967 3364 Latmique

170 3359 284 3419 advolat
304 3362 417 3422 Aeneas
438 3366 600 3442 vaginaque
621 3367 708 3444 eripit
729 3385 827 3427 ensem

170 3474 369 3488 *—

169 3538 198 3586 et
215 3531 294 3588 iuriis
308 3533 428 3607 agitatus
442 3551 520 3591 amor
533 3546 562 3594 et
576 3540 684 3596 conscia
700 3540 794 3597 virtus.
