2512 4096
452 267 595 314 varena
616 265 754 315 annona
777 269 801 315 x
914 303 920 316 ,
1088 255 1128 318 23

245 421 358 491 naides,
380 421 501 498 indigno
523 438 591 481 cum
613 418 712 482 Gallus
735 438 835 482 amore
856 421 988 499 peribat?
1095 436 1129 487 10

149 495 173 567 1'
201 490 312 629 *fuam
333 522 429 583 neque
449 503 570 565 Parnasi
591 503 673 564 vohis
694 505 777 581 iuga,
800 522 868 564 nam
890 523 988 584 neque
1008 504 1093 566 Pindi

225 586 305 662 5..ulla
326 605 440 648 moram
462 588 575 656 fecere,
598 604 694 665 neque
715 587 826 648 Aoniae
846 588 1006 666 Aganippe.

147 682 164 733 2
249 669 331 730 illum
353 672 440 731 etiam
460 669 550 740 lauri,
575 672 661 730 etiam
683 669 790 731 flevere
811 673 948 750 myricae,

244 755 349 832 pinifer
370 752 453 815 illum
475 754 561 814 etiam
583 753 644 812 sola
665 753 720 814 suh
742 771 817 833 rupe
838 755 981 815 iacentem

248 836 396 898 Maenalus
419 844 448 897 et
469 836 555 915 gelidi
577 835 720 898 fleverunt
741 854 808 898 saxa
831 837 945 916 Lycaei.
1096 850 1127 904 15

246 928 323 981 stant
344 927 373 981 et
393 939 462 982 oves
483 921 594 982 circum
617 920 719 1000 (nostri
740 938 795 981 nec
816 922 945 999 paenitet
965 919 1043 982 illas:

246 1012 275 1065 et
296 1005 463 1066 formonsus
484 1006 545 1065 ovis
567 1003 604 1064 ad
625 1003 745 1064 llumina
766 1006 844 1083 parit
865 1003 994 1084 Adonis),
1095 1015 1148 1080 lli¹

245 1089 322 1148 veuit
344 1095 372 1148 et
395 1088 495 1166 opilio,
518 1088 594 1150 tardi
614 1106 723 1148 venere
743 1086 867 1158 subulci,

246 1171 348 1232 uvidus
369 1172 492 1233 hiberna
513 1171 591 1232 venit
612 1172 649 1232 de
670 1171 776 1249 glande
797 1170 951 1233 Menalcas.
1094 1184 1128 1236 20

250 1271 351 1314 omnes
373 1256 465 1316 ‘unde
480 1273 563 1315 amor
577 1255 646 1316 iste’
667 1262 774 1335 rogant
796 1254 895 1316 ‘tihil'
918 1255 997 1314 venit
1010 1253 1127 1334 Apollo:
1245 1328 1248 1335 ¹

248 1335 360 1406 ‘Galle
384 1337 453 1415 quid
474 1337 612 1398 insanis‘t’
635 1340 743 1418 inquit,
766 1345 831 1399 ‘tua
854 1355 925 1399 cura
946 1337 1065 1416 Lycoris

248 1437 359 1498 perque
379 1422 460 1482 nives
482 1422 569 1483 alium
590 1439 703 1500 perque
725 1420 845 1482 horride
867 1427 961 1483 eastra
982 1422 1127 1484 secutast’

249 1506 327 1564 veuit
348 1511 378 1565 et
398 1507 505 1583 agresti
526 1506 627 1582 capitis
649 1505 782 1566 Silvanus
803 1505 917 1566 honoro

246 1587 378 1649 florentis
398 1587 508 1649 ferulas
530 1595 558 1650 et
580 1589 700 1668 grandia
722 1587 780 1649 lilia
801 1606 950 1668 quassans.
1094 1601 1127 1654 aa

166 1665 175 1684 ‘
248 1670 308 1731 Pan
331 1671 403 1733 deus
423 1673 565 1733 Arcadiae
586 1673 678 1743 venit,
702 1691 788 1752 quern
809 1673 933 1734 uidimus
954 1673 1009 1752 ipsi

246 1757 412 1834 sanguineis
434 1756 512 1817 ebuli
534 1756 615 1818 bacis
636 1757 783 1834 minioque
804 1756 969 1818 rubentem.
1135 1819 1139 1827 ,

165 1827 173 1851 ’
249 1841 364 1918 ‘ecquis
379 1840 434 1901 erit
447 1839 583 1901 modusl’
605 1841 708 1920 inquit.
731 1841 837 1900 ‘Amor
857 1858 918 1900 nou
940 1839 1008 1900 talia
1030 1849 1126 1901 curat:

246 1940 301 1983 nec
321 1922 449 1983 lacrimis
471 1923 598 1985 crudelis
618 1925 709 1984 Amor
730 1942 786 1984 nec
808 1925 939 2000 gramina
960 1923 1028 1982 rivis

245 2022 300 2066 nec
321 2008 412 2086 cytiso
434 2014 601 2068 saturantur
623 2025 692 2084 apes
713 2024 770 2067 nec
791 2005 898 2066 fronde
920 2003 1066 2082 capellae.'
1094 2017 1128 2070 30

142 2079 149 2099 '
248 2090 339 2149 tristis
360 2097 389 2150 at
410 2088 459 2150 ille
480 2098 594 2151 ‘taumn
616 2088 784 2158 cantabitis,
806 2086 948 2148 Arcades'
971 2087 1066 2166 inquit

247 2173 409 2233 ‘montibus
430 2173 504 2233 haec
524 2173 643 2241 vostris,
666 2169 721 2231 soli
743 2177 862 2231 cantare
883 2170 968 2248 periti

172 2246 180 2268 '
244 2255 380 2315 Arcades.
418 2255 529 2314 omihi
548 2262 612 2314 tum
634 2268 721 2332 quam
742 2252 868 2314 molliter
888 2271 953 2316 ossa
968 2254 1124 2331 quiescant,

248 2344 344 2397 vestra
366 2354 448 2398 meos
470 2337 538 2398 olim
560 2337 584 2396 si
605 2336 700 2398 fistula
722 2336 799 2398 dican
820 2340 951 2399 amores!

247 2427 333 2499 alque
354 2422 464 2482 utinam
487 2439 522 2482 ex
543 2422 624 2482 vohis
645 2439 721 2482 unus
743 2421 888 2502 vestrique
909 2422 1027 2487 inissem
1092 2439 1126 2493 35

249 2511 298 2565 aut
320 2510 417 2566 custos
439 2506 536 2585 gregis
557 2512 608 2566 aut
628 2512 760 2566 maturae
781 2506 887 2566 vinitor
907 2510 994 2568 uvae!

247 2597 327 2650 certe
347 2589 408 2650 sive
428 2589 499 2650 mihi
521 2589 629 2669 Phyllis
650 2589 711 2651 sire
733 2595 810 2650 esset
830 2591 969 2669 Amyntas

245 2689 297 2733 seu
320 2674 496 2752 quicumque
517 2674 600 2735 iuror
623 2672 703 2754 (quid
717 2680 795 2743 tum,
818 2675 843 2733 si
857 2675 957 2735 fuscus
971 2675 1126 2756 Amyntas?

247 2762 276 2816 et
296 2758 396 2834 nigrae
417 2756 509 2818 violae
530 2764 598 2818 sunt
620 2765 649 2818 et
669 2757 798 2818 vaccinia
819 2758 922 2835 nigra),

245 2857 361 2900 mecum
382 2841 458 2902 inter
479 2841 581 2903 salices
601 2841 679 2902 lenta
701 2840 755 2902 sub
776 2842 834 2902 vite
855 2842 978 2903 iaceret:
1092 2855 1126 2909 40

245 2929 323 2984 serta
345 2923 416 2984 mihi
436 2925 544 3004 Phyllis
564 2924 688 3004 legeret,
709 2931 839 2985 cantaret
859 2923 1005 3004 Amyntas.

245 3088 293 3149 hic
314 3087 402 3169 gelidi
422 3090 530 3162 iontes,
553 3091 600 3153 hic
621 3089 718 3152 mollia
739 3096 838 3169 prata,
861 3089 973 3169 Lycori,

245 3172 293 3234 hic
314 3191 435 3235 nemus:
456 3175 504 3236 hic
524 3176 588 3253 ipso
610 3182 707 3236 tecum
729 3191 919 3236 consumerer
940 3193 1019 3237 aevo.

245 3274 324 3318 nunc
344 3258 464 3319 insanus
485 3259 575 3319 Amor
597 3259 663 3320 duri
684 3275 731 3319 ma
752 3257 852 3318 hlautis
873 3259 905 3318 in
927 3261 1015 3321 armis

245 3339 303 3400 tela
323 3341 399 3402 inter
420 3342 515 3403 media
537 3350 623 3423 atque
645 3342 781 3403 adversos
803 3341 914 3402 detinet
935 3342 1049 3423 hostes.
1070 3350 1127 3406 ⁴45

245 3525 296 3568 nco
316 3519 344 3568 te
364 3513 501 3588 paeniteat
521 3514 643 3588 pecoris,
666 3512 754 3569 divim
775 3519 857 3586 poeta
1093 3515 1126 3570 17
