2512 4096
163 233 221 294 322
492 243 635 290 vnuoxm
661 243 786 291 inhers
803 245 838 289 nr

161 405 245 471 dixit;
268 409 298 462 at
316 399 365 461 illa
386 399 457 460 levis
480 399 552 459 caeli
574 399 691 477 delapsa
712 416 766 478 per
787 416 873 458 auras

161 488 297 555 insonuit,
319 485 404 563 nigro
426 484 604 544 circumdata
628 483 744 544 turbine
765 499 883 561 corpus.

199 572 235 632 tt
257 585 362 630 manus
383 570 496 629 interea
517 568 609 628 muris
629 568 757 627 Troiana
778 567 961 644 propinquat

158 654 331 734 Etruscique
352 652 443 713 duces
465 653 655 731 equitumque
678 653 825 712 exercitus
846 666 952 720 omnus,

160 738 315 816 compositi
337 754 461 798 numero
481 738 511 797 in
534 743 655 796 turmas.
693 735 791 796 fremit
811 752 941 814 aequore
966 742 1037 797 toto

157 820 300 884 inssdtaus
318 822 439 900 sonipes
460 827 489 881 et
510 821 620 899 pressis
637 827 749 896 pugnat
770 818 894 880 habenis
1136 828 1178 882 tot

158 905 215 967 hue
239 923 398 967 conversus
419 912 449 965 et
470 904 543 973 huc3
566 912 629 964 tum
650 903 708 964 late
730 905 845 964 ferrens
864 903 956 962 hastis

157 991 260 1051 horret
281 1006 351 1067 ager
369 990 524 1068 campique
543 989 632 1048 armis
653 987 829 1048 sublimibus
850 987 966 1049 ardent.

157 1092 213 1137 nec
232 1091 291 1134 non
313 1073 463 1151 lleseapus
486 1079 587 1133 contra
611 1070 781 1151 celeresque
800 1071 894 1131 Latini

158 1165 188 1219 et
209 1157 389 1219 cumfratre
412 1156 502 1217 Coras
520 1163 549 1217 et
568 1156 686 1232 virginis
708 1155 754 1216 ala
776 1154 913 1217 Camillae

159 1242 274 1305 adversi
296 1259 400 1320 campo
420 1247 565 1319 apparent
586 1239 741 1319 hostesque
764 1238 893 1300 reductis
1136 1248 1180 1302 cti

157 1325 337 1404 protendunt
357 1324 445 1402 longe
466 1325 575 1385 dextris
594 1330 624 1384 et
645 1323 757 1401 spicula
781 1322 903 1392 vibrant,

158 1408 374 1491 [adventusque
394 1410 490 1469 virum
512 1408 704 1486 fremitusque
725 1407 853 1468 ardescit
871 1407 1050 1489 equorum}
1090 1404 1093 1408 ’

157 1495 276 1573 iamque
295 1494 371 1552 intra
394 1494 501 1552 iactum
522 1490 572 1552 teli
594 1508 771 1569 progressus
792 1499 917 1568 uterque

158 1576 342 1637 substiterat:
363 1575 460 1637 subito
483 1583 642 1652 erumpunt
663 1574 791 1636 clamore
812 1575 998 1655 furentisque
1099 1606 1105 1613 ·

158 1659 350 1721 exhortantur
372 1677 479 1738 equos:
502 1658 628 1718 tundunt
648 1656 735 1719 simul
756 1658 886 1738 undique
905 1657 970 1719 tela‘
1133 1667 1180 1720 tlt

158 1742 262 1804 crebra
285 1743 358 1804 nivis
380 1745 439 1802 ritu
463 1741 635 1818 caelumque
656 1742 804 1804 obtexitur
825 1742 939 1802 umbra.

157 1829 294 1888 continuo
317 1827 446 1888 adversis
463 1825 635 1905 Tyrrhenus
661 1833 690 1887 et
711 1843 780 1887 acer
799 1830 945 1887 Aconteus

159 1913 255 1972 conixi
276 1913 434 1972 incurrunt
455 1909 544 1970 hastis
565 1911 713 1989 primique
732 1912 820 1974 ruina

157 1995 228 2056 dant
249 1997 378 2056 sonitum
401 1995 511 2072 ingenti
533 1996 739 2076 perfractaque
759 1992 1040 2074 quadrupedantum

157 2087 277 2158 pectora
297 2079 468 2158 pectoribus
488 2087 642 2158 rumpunt:
668 2096 809 2141 exeussus
830 2080 978 2138 Aconteus
1127 2087 1176 2140 ott

158 2161 286 2224 iuiminls
308 2165 339 2223 in
361 2181 475 2224 morem
497 2171 548 2226 aut
566 2171 711 2225 tormento
728 2163 869 2244 ponderis
890 2163 946 2221 acti

157 2248 332 2325 praecipitat
353 2246 441 2325 longe
460 2257 489 2308 et
508 2249 596 2309 vitam
618 2248 761 2326 dispergit
780 2249 810 2308 in
832 2263 927 2308 auras.

158 2330 304 2409 extemplo
327 2331 463 2411 turbatae
484 2333 572 2402 acies,
595 2334 730 2411 versique
751 2332 846 2392 Latini

157 2415 282 2475 reiciunt
302 2433 421 2494 parmas
442 2424 472 2476 et
494 2433 586 2496 equos
606 2416 643 2476 ed
665 2417 780 2477 moenia
802 2421 926 2476 vertunt.

159 2497 251 2559 l'roes
273 2507 373 2577 agunt,
394 2501 534 2579 princeps
555 2509 667 2560 turmas
686 2500 799 2560 inducit
818 2498 920 2559 Asilas.
1124 2504 1175 2558 otu

158 2583 275 2660 iamque
297 2583 535 2661 propinquabant
556 2585 658 2661 portis,
681 2600 844 2661 rursusque
866 2582 961 2642 Latini

159 2663 318 2727 clamorem
338 2664 446 2726 tollunt
467 2675 497 2726 et
518 2664 616 2725 mollia
638 2665 713 2726 colla
734 2665 905 2726 reilectunt:

158 2748 188 2809 hi
211 2748 328 2826 lugiunt
346 2748 523 2828 penitusque
549 2749 623 2809 datis
641 2749 812 2810 referuntur
833 2748 965 2810 habenis.

144 2831 252 2910 'qualis
271 2830 322 2893 ubi
345 2829 457 2892 alterno
481 2849 663 2910 procurrens
685 2835 801 2912 gurgite
822 2840 929 2912 pontus

158 2933 236 2977 nunc
257 2916 317 2976 ruit
339 2915 375 2976 ad
393 2922 504 2977 terram
525 2915 721 2998 scopulosque
742 2918 899 2997 superiacit
920 2915 998 2976 unda
1123 2920 1173 2974 oti

158 3016 298 3078 spumeus
321 3008 541 3080 extremamque
563 3003 630 3064 sinu
652 3002 802 3081 perfundit
824 3002 974 3067 harenam,

158 3100 237 3144 nune
259 3084 380 3161 rapidus
400 3092 481 3146 retro
503 3094 591 3164 atque
613 3094 696 3148 aestu
713 3086 843 3148 revoluta
864 3082 1022 3146 resorbens

158 3184 228 3228 saxa
249 3167 324 3246 sugit
344 3169 471 3248 litusque
492 3171 567 3232 vado
590 3169 707 3232 labente
725 3170 877 3248 relinquit:

158 3250 203 3310 bis
225 3250 314 3312 'lusci
336 3250 459 3314 Rutulos
482 3271 571 3332 egere
593 3254 629 3315 ad
651 3255 766 3315 moenia
788 3271 897 3321 versos,

156 3334 201 3394 bis
222 3334 322 3396 reiecti
343 3337 432 3398 armis
455 3344 624 3416 respectant
641 3345 722 3415 terga
744 3345 883 3416 tegentes.
1121 3337 1173 3393 ott

158 3418 243 3480 tertia
266 3419 318 3480 sed
342 3428 497 3500 postquam
519 3422 670 3500 congressi
692 3421 721 3480 in
743 3420 855 3500 proelia
877 3426 952 3479 totas

159 3502 321 3581 inplicuere
341 3505 418 3565 inter
440 3522 472 3566 se
496 3505 573 3566 acies
594 3504 723 3582 legitque
744 3506 838 3566 virum
861 3505 919 3563 vir:
