2512 4096
441 319 584 367 venena
605 318 745 389 senona
766 319 806 366 111
1113 311 1132 369 ⁷

248 474 345 535 audiat
359 475 432 535 haec
447 481 559 535 tantum
568 509 603 518 ..‚
613 473 655 537 vel
668 476 716 552 qui
732 475 809 534 venit
825 492 894 535 ecce
907 472 1074 533 Palaemon.
1098 485 1133 536 50

247 557 385 627 efficiam,
409 559 531 636 posthac
552 576 590 618 ne
612 576 787 636 quemquam
808 575 879 619 voce
901 557 1036 618 lacessas,

246 643 282 702 Γ).
306 642 382 713 Quin
400 658 468 718 age,
487 642 581 720 siquid
598 641 702 710 habes;
718 642 748 700 in
765 659 812 702 mc
830 659 913 702 mora
926 658 985 700 non
998 641 1052 700 erit
1063 638 1130 709 ulla,

248 742 302 784 nec
324 743 501 803 quemquam
523 726 621 803 logio:
645 732 771 793 tantum,
795 725 887 785 vicine
908 723 1074 793 Palaemon,

249 808 380 869 sensibus
402 809 475 870 haec
496 810 561 870 imis
584 808 641 886 (res
665 817 788 869 estnon
810 810 908 888 parva)
931 825 1066 886 reponas.

249 893 283 951 P.
294 891 395 961 Dicite,
409 893 643 970 quandoquidem
654 894 684 952 in
696 891 776 952 molli
788 893 972 953 consedimus
983 890 1084 952 herba.
1098 904 1131 954 56

138 970 141 977 ’
249 982 276 1035 et
297 993 375 1036 nunc
397 978 490 1036 omnis
509 995 596 1054 ager,
619 994 697 1037 nunc
713 977 807 1036 omnis
827 977 954 1053 parturit
975 974 1076 1044 arboS,

248 1076 325 1120 nunc
346 1060 484 1121 lrondent
505 1060 606 1130 siluae,
635 1079 714 1120 nunc
735 1059 983 1121 lormonsissimus
1005 1076 1107 1120 annus.

247 1143 355 1220 incipe,
378 1143 532 1214 Damoeta;
556 1150 587 1205 tn
609 1144 713 1204 deinde
734 1131 1034 1221 sequeresllenalea.

248 1224 364 1286 alternis
386 1226 500 1287 dicetis:
530 1235 628 1288 amant
649 1227 760 1288 alterna
783 1244 929 1288 camenae.

246 1309 282 1367 I).
305 1308 349 1369 Ab
364 1309 431 1371 lore
445 1312 617 1388 principium
633 1327 749 1372 musae:
772 1310 847 1370 lovis
862 1311 958 1369 omnia
973 1309 1072 1385 plena:
1096 1321 1130 1372 60

248 1389 296 1452 ille
319 1391 386 1453 colit
407 1401 515 1463 terras;
538 1394 577 1454 illi
599 1413 663 1454 mea
686 1394 815 1454 carmina
838 1411 934 1454 curae.
1125 1436 1150 1452 ..
1179 1451 1184 1459 ,

140 1461 146 1487 '
248 1476 291 1535 M.
308 1475 345 1535 Et
362 1495 410 1537 me
421 1477 557 1538 Phoebus
574 1488 665 1546 amat;
679 1475 798 1538 Phoebo
811 1495 862 1537 sua
873 1494 990 1554 semper
1002 1474 1130 1555 apolline

246 1577 368 1620 munera
389 1568 471 1631 sunt,
499 1561 573 1621 lauri
596 1570 625 1622 ot
645 1578 733 1621 suave
753 1560 864 1622 rubens
885 1560 1065 1640 hyacinthus.

247 1645 283 1703 D.
306 1643 382 1704 Malo
406 1663 453 1704 me
475 1643 593 1705 Galatea
614 1646 699 1721 petit,
722 1643 827 1704 lasciva
849 1644 955 1722 puella,

247 1734 275 1786 et
297 1727 370 1805 lugit
392 1729 428 1789 ad
451 1729 569 1799 salices,
594 1736 675 1789 etse
698 1730 777 1804 cupit
799 1734 865 1789 ante
887 1729 988 1789 videri.
1096 1735 1129 1788 65

141 1800 147 1817 '
247 1811 290 1869 M.
314 1813 350 1872 At
371 1812 442 1872 milri
464 1831 529 1874 sese
552 1812 636 1874 ollert
657 1811 734 1874 ultro
757 1830 841 1872 meus
863 1814 938 1889 ignis
960 1812 1107 1888 Amyntas,

246 1895 341 1954 notior
363 1904 394 1957 ut
416 1897 473 1956 iam
495 1897 531 1956 sit
554 1897 673 1959 canibus
695 1913 755 1955 non
777 1893 857 1956 Delia
880 1895 996 1954 nostris.

244 1978 280 2037 Γ).
304 1978 390 2039 Parta
412 1998 494 2041 meae
518 1981 621 2041 Veneri
643 1986 711 2040 sunt
732 1996 869 2039 munera:
893 1995 1020 2054 namque
1033 1976 1128 2036 notavi

246 2061 309 2136 ipse
329 2061 440 2132 locum,
464 2065 560 2124 aeriae
583 2082 639 2141 quo
663 2078 838 2137 congessere
860 2059 1022 2138 palumbes.

138 2131 146 2153 '
245 2143 288 2202 M.
313 2144 397 2215 Quod
419 2147 516 2222 potui,
538 2163 631 2222 puero
654 2145 777 2204 silvestri
800 2162 836 2203 ex
858 2144 965 2204 arbore
986 2142 1060 2205 lecta
1093 2151 1130 2206 lo

248 2243 336 2286 aurea
358 2225 433 2286 mala
455 2227 557 2287 decem
580 2229 659 2295 misi;
683 2245 749 2286 cras
771 2224 860 2287 altera
881 2228 1002 2287 mittam.

250 2308 286 2367 1>
311 2307 335 2369 0
358 2310 491 2386 quotiens
514 2317 540 2370 ct
563 2329 637 2388 qnae
659 2309 743 2370 nobis
765 2309 883 2372 Galatea
904 2310 1081 2371 locutaest!

248 2399 361 2469 partem
384 2391 524 2470 aliquam,
548 2394 757 2464 ventr,t1divom
779 2395 912 2455 referatis
934 2395 971 2455 ad
993 2395 1086 2455 auris!

247 2476 288 2534 M
314 2475 388 2547 Quid
411 2479 544 2593 prodest,
568 2478 646 2573 quod
668 2496 715 2539 mc
733 2478 796 2555 ipse
811 2481 907 2539 annno
925 2496 985 2538 non
1004 2478 1127 2557 spernis,

936 2565 1068 2642 Amynta,

246 2646 285 2716 si,
309 2647 379 2708 dum
401 2654 433 2708 tu
454 2650 573 2709 sectaris
595 2665 697 2724 apros,
722 2664 775 2726 ego
798 2649 871 2709 retia
893 2647 996 2708 servo?
1094 2655 1128 2709 75

246 2730 283 2789 Γ).
306 2729 436 2808 Phyllida
458 2733 540 2792 mitto
561 2732 652 2792 milri:
675 2749 758 2792 mens
781 2737 825 2792 est
846 2729 962 2799 natalis,
987 2728 1072 2799 lolla;

246 2830 312 2874 cum
334 2814 438 2875 luciam
460 2816 547 2878 vitula
569 2833 623 2892 pro
646 2815 794 2892 lrugibus,
817 2817 880 2892 ipse
903 2816 1006 2876 venito.

133 2885 141 2910 '
247 2896 289 2955 M.
312 2896 441 2975 Phyllida
459 2917 525 2960 amo
541 2906 608 2960 ante
623 2897 707 2959 alins:
731 2916 798 2958 nam
814 2917 861 2958 me
876 2898 1026 2959 discedere
1041 2897 1127 2966 llevit,

248 2985 275 3037 et
297 2978 416 3057 longum
439 2982 616 3050 sormonse,
639 2980 702 3042 vale
725 2979 810 3050 vale',
833 2984 940 3060 inquit,
966 2980 1065 3041 ‘.’lolla

246 3062 282 3121 I).
306 3062 402 3124 Triste
416 3063 501 3142 lupus
518 3065 652 3134 stabulis
669 3066 791 3124 maturis
802 3028 940 3155 lrugibus
954 3064 1073 3133 imbres,
1095 3073 1130 3127 80

246 3145 401 3208 arboribus
424 3150 514 3218 tenti,
538 3149 622 3210 nobis
643 3141 856 3226 Amaryllidis
848 3167 918 3210 rrae.

245 3230 287 3288 M
311 3230 402 3291 Dulce
424 3234 492 3293 satis
515 3251 616 3303 umor,
640 3230 768 3308 deprdsis
790 3233 913 3294 arbutus
934 3232 1044 3300 haedis,

244 3310 322 3373 lenta
343 3313 450 3375 saliri
437 3317 494 3377 leto
516 3319 632 3394 pecori,
655 3315 726 3376 mihi
748 3315 827 3378 solus
849 3317 996 3414 Amyntas.

245 3396 281 3455 Γ).
304 3397 385 3459 Polio
400 3408 477 3460 amat
492 3408 636 3470 nostram,
653 3402 784 3477 quamvis
800 3406 844 3461 est
859 3400 981 3467 rustica,
999 3413 1128 3457 musam:
1216 3406 1219 3410 ’

245 3478 389 3551 Pierides,
411 3482 529 3544 vitulam
550 3484 654 3544 lectori
675 3484 785 3560 pascite
806 3491 914 3544 vestro.
1095 3489 1128 3543 85

139 3553 146 3576 ’
244 3561 287 3620 M.
311 3562 391 3623 Polio
408 3568 517 3646 etipse
533 3567 600 3628 lacit
614 3585 688 3627 nova
704 3568 847 3627 carmina:
870 3566 981 3644 pascite
1003 3571 1128 3630 taurum,
