2512 4096
423 328 428 338 ,
458 272 601 322 venarer
616 272 742 322 nnuma
760 275 823 321 vrrr
1090 263 1150 325 243

130 429 211 490 robis
229 429 397 491 Mercurius
416 435 500 507 pater
520 436 573 500 est,
596 447 685 510 quem
708 429 832 490 eandida
853 429 927 490 llaia

117 510 265 592 ,Cyllenae
285 512 382 591 gelido
406 520 583 593 conceptum
603 515 713 575 vertice
734 513 823 582 rudia

128 607 158 658 at
178 598 293 668 Maiam,
317 596 422 660 auditis
443 599 468 659 si
490 598 648 677 qulcquam
670 597 827 667 oredimus,
845 596 954 667 Atlans,
1104 605 1153 656 lto

128 682 207 743 idem
228 680 330 743 Atlans
351 689 484 761 generat,
508 681 581 744 caeli
603 684 653 762 qui
675 682 771 744 sidera
794 679 877 743 tollit.

127 765 170 827 sic
191 783 285 845 genus
306 767 462 828 amborum
484 766 590 828 scindit
611 785 643 828 se
668 767 811 846 sauguine
834 765 871 827 ab
896 783 965 827 uno.

127 850 173 911 his
197 851 290 912 iretus
309 869 370 912 non
392 849 504 929 legatos
526 869 622 931 neque
641 852 738 930 prima
759 869 812 930 per
831 858 926 912 artem

127 942 338 1014 temptamenta
359 937 403 997 tui
424 938 538 1015 pepigi:
561 954 618 1004 me,
641 954 689 998 me
705 937 770 1015 ipse
790 953 949 1014 meumque

127 1017 222 1080 obieci
245 1027 332 1099 caput
354 1028 384 1082 et
404 1018 528 1100 supplex
550 1021 587 1082 ad
606 1019 707 1082 limina
728 1022 804 1082 veni.

126 1118 201 1179 gens
220 1104 332 1176 eadem,
352 1121 428 1185 quae
446 1112 485 1176 te,
506 1103 619 1166 crudeli
641 1104 753 1166 Daunia
774 1104 853 1166 bello

126 1188 307 1264 insequitur;
329 1206 385 1250 nos
407 1191 432 1250 si
453 1189 572 1268 pellant,
595 1188 667 1249 nihil
689 1191 773 1250 aiore
796 1189 930 1258 eredunt,

126 1273 198 1350 quin
223 1289 340 1333 omnem
361 1271 535 1352 Hesperiam
554 1273 670 1352 penitus
691 1293 744 1335 sua
762 1273 816 1334 suh
839 1274 909 1348 iuga
928 1273 1044 1334 mittant

126 1355 171 1433 [et
192 1373 275 1418 mare
299 1357 378 1435 quod
398 1374 487 1437 supra
510 1364 629 1418 teneant
651 1358 789 1436 qarodque
811 1356 902 1418 adluit
924 1355 1024 1437 inira].

125 1440 228 1518 accipe
246 1438 341 1520 daque
360 1441 464 1502 iidem:
488 1450 558 1502 sunt
579 1440 664 1501 nobis
683 1441 770 1502 fortia
790 1440 867 1503 hello

124 1530 255 1601 pectora,
279 1534 347 1586 sunt
369 1527 458 1586 animi
481 1534 509 1587 et
529 1524 620 1586 rebus
641 1532 772 1604 spectata
792 1526 948 1588 iuventus!

167 1606 288 1671 Dixerat
304 1610 426 1672 deneas.
462 1609 512 1671 ille
532 1628 566 1670 os
584 1608 745 1690 oculosque
767 1609 913 1688 loquentis

125 1691 285 1754 iandudum
308 1703 336 1754 et
357 1701 450 1756 totum
473 1694 616 1756 lustrabat
637 1693 748 1756 lumine
775 1712 893 1772 corpus.

125 1785 187 1837 tum
209 1773 252 1838 sic
273 1794 368 1858 pauca
388 1779 495 1840 reiert:
519 1787 567 1840 ‘ut
589 1787 626 1850 te,
648 1779 808 1841 fortissime
828 1779 987 1848 Teucrum,

123 1862 237 1941 accipio
260 1863 469 1943 adgnoscoque
489 1862 657 1924 lihonsl·ut
674 1862 765 1924 verba
784 1865 915 1941 parentis

126 1952 154 2005 et
176 1962 279 2007 vocem
301 1946 446 2009 Anchisae
468 1948 568 2025 magni
589 1945 759 2025 voltumque
779 1947 936 2006 recordor!

124 2046 191 2088 nam
213 2031 333 2090 memini
353 2029 499 2091 Hesionae
517 2031 659 2091 visentem
680 2046 772 2107 regna
791 2030 902 2089 sororis

124 2112 391 2174 Laomedontiaden
411 2113 572 2183 Priamum,
595 2111 741 2173 Salamina
763 2118 922 2191 petentem,

123 2197 260 2274 protinus
280 2197 423 2258 Arcadiae
445 2195 558 2273 gelidos
580 2197 706 2257 inrisere
724 2197 800 2257 finis.

124 2289 186 2341 tum
206 2279 278 2342 mihi
297 2282 393 2360 prima
416 2297 506 2359 genas
527 2279 651 2341 vestibat
671 2278 745 2341 liora
767 2281 907 2350 iuventas,

123 2363 313 2444 mirabarque
336 2365 426 2427 duces
448 2365 589 2436 Teucros,
612 2364 742 2426 mirabar
759 2371 789 2426 et
808 2365 905 2444 ipsum

123 2448 404 2520 Laomedontiaden,
425 2448 476 2510 sed
485 2450 597 2511 cunctis
619 2449 705 2510 altior
725 2449 787 2511 ibat

122 2532 279 2596 Anchises:
303 2534 375 2595 mihi
395 2551 480 2596 mens
502 2532 628 2596 iuvenali
650 2534 773 2597 ardebat
794 2551 895 2595 amore

123 2616 301 2696 compellare
324 2621 419 2681 virum
442 2626 470 2680 et
492 2618 613 2681 dextrae
635 2620 815 2698 coniungere
837 2619 981 2680 dextram.
1034 2676 1038 2681 .

122 2704 235 2764 accessi
257 2711 286 2765 et
309 2704 433 2785 cupidus
455 2703 566 2765 Phenei
586 2703 641 2766 sub
664 2705 781 2765 moenia
803 2704 882 2765 duxi.

120 2785 170 2849 ille
191 2787 263 2849 mihi
287 2790 431 2866 insignem
451 2788 622 2866 pharetram
645 2787 807 2868 Lyciasque
829 2789 947 2867 sagittas

121 2869 275 2933 discedens
298 2871 541 2952 chlamydrmque
560 2890 633 2933 auro
656 2872 735 2933 dedit
754 2874 941 2934 intertextam

121 2953 265 3034 irenaqua
286 2954 357 3016 bina
378 2973 462 3015 meus
484 2973 559 3034 quae
581 2973 661 3016 nuno
681 2956 771 3017 hahet
792 2973 882 3017 aurea
901 2955 1005 3018 Pallas.

122 3055 194 3114 ergo
216 3045 245 3098 et
263 3057 351 3120 quam
375 3038 473 3117 petitis
494 3039 593 3101 iuncta
615 3045 659 3100 ost
680 3037 753 3099 mihi
774 3039 895 3102 loedere
914 3041 1025 3110 dextra,

121 3128 152 3182 et
172 3118 223 3182 lux
246 3142 313 3186 curn
332 3125 463 3204 primum
482 3124 571 3184 terris
593 3141 625 3184 se
648 3123 775 3184 crastina
794 3122 907 3196 reddet,

123 3204 229 3266 auxilio
251 3206 344 3271 laetos
367 3207 510 3270 dimittam
532 3205 698 3288 opibusque
718 3207 834 3269 iurabo.

122 3292 235 3351 interea
259 3309 342 3354 sacra
363 3292 446 3362 haec,
468 3293 586 3370 quando
606 3292 666 3354 huc
686 3293 805 3354 venistis
827 3293 922 3364 amici,

122 3393 228 3452 annua,
252 3394 327 3456 quae
343 3376 463 3438 dilierre
485 3378 577 3448 naias,
598 3375 745 3439 celebrate
767 3376 897 3441 faventes

123 3460 278 3523 uobiscum
299 3467 329 3522 et
349 3463 408 3521 iarn
429 3477 508 3522 nunc
529 3462 864 3541 sociorumadsuesoite
887 3464 1014 3527 mensis!

165 3545 243 3608 ilaec
263 3545 315 3608 uhi
338 3546 423 3615 diota,
445 3545 535 3625 dapes
556 3545 637 3607 iubet
657 3553 687 3606 et
705 3545 818 3608 sublata
840 3551 945 3629 reponi

880 3651 940 3711 16·
