2512 4096
154 301 214 361 364
474 315 504 360 r.
527 314 671 362 1111111
693 312 846 362 11111111

155 462 229 522 eheu
261 460 420 522 mutandus
442 477 603 537 numquam
626 460 723 523 labori
751 466 871 528 auferor
893 467 978 531 ultra

154 552 186 610 iu
208 549 329 620 diversa,
352 550 445 627 magis
467 549 602 611 distantia
624 551 740 610 nomina
764 567 869 610 cerno:

155 632 299 693 Eridanus
321 633 496 703 trauaudus,
519 651 591 711 agor
613 633 724 693 delatus
745 632 783 692 ad
804 631 926 703 undam.

156 715 239 776 obvia
260 716 449 795 Persephone
471 718 593 777 comites
613 715 751 777 heroidas
772 726 878 794 urguet

155 798 291 859 adversas
312 800 447 879 perferre
470 800 557 861 iaces.
579 798 701 860 Alcestis
723 798 760 860 ab
782 800 862 859 omni

154 881 290 942 inviolata
313 891 394 944 vacat
415 900 499 953 cura,
523 882 601 962 quod
622 901 707 943 saeva
728 883 826 942 mariti

155 967 185 1024 iu
209 965 412 1036 Chalcodoniis
432 965 549 1027 Admeti
570 965 630 1026 lata
651 972 764 1027 morata
787 973 840 1025 est.

156 1066 239 1115 ecce.
261 1049 353 1110 ithaci
374 1050 501 1128 coniunx
522 1067 640 1128 semper
661 1049 751 1110 decus
771 1047 904 1108 icariotis

156 1131 315 1193 lamiacum
336 1134 507 1211 incorrupta
529 1133 628 1193 decus
640 1139 738 1193 manet
759 1139 789 1191 et
809 1128 913 1210 procul
936 1129 990 1192 1111

156 1214 241 1275 turba
263 1215 376 1276 ferox
368 1233 504 1277 iuvenum
526 1215 592 1276 telis
614 1217 726 1276 confixa
747 1232 916 1294 procorum

156 1299 240 1377 quid,
263 1301 371 1360 misera
385 1300 545 1378 Eurydice,
568 1306 649 1359 tanto
671 1316 808 1359 maerore
829 1298 948 1378 moesti,

156 1399 308 1461 poenaque
329 1390 481 1461 respectus
504 1390 533 1444 et
554 1401 633 1443 nunc
654 1390 754 1442 manet
776 1381 942 1462 Orpheos
933 1397 967 1440 m
991 1354 1070 1442 tei

156 1463 250 1524 audax
264 1464 314 1525 1111
336 1465 467 1544 quidem,
491 1467 541 1545 qui
562 1468 663 1527 mitem
685 1464 836 1527 Cerberon
856 1482 1005 1543 umquam

156 1547 281 1608 credidit
303 1548 418 1609 autulii
440 1549 515 1610 Ditis
534 1548 678 1628 placabile
700 1567 818 1618 numen,

156 1646 212 1690 nec
234 1632 330 1691 timuit
350 1631 563 1710 Phlegethonta
585 1632 732 1692 furentem
754 1629 926 1693 ardentibus
949 1631 1056 1703 undis,

156 1731 212 1775 nec
233 1722 342 1774 maesta
365 1714 483 1775 obtenta
504 1714 577 1776 Ditis
599 1715 751 1793 ferrugine
771 1731 863 1792 regna

157 1796 344 1876 defossasque
367 1798 469 1858 domos
492 1815 526 1858 ac
547 1799 670 1859 Tartara
693 1805 779 1858 nocte
802 1804 924 1859 eruenta

157 1880 266 1951 obsita,
290 1898 345 1941 nec
366 1880 468 1942 faciles
491 1882 611 1943 Dictaeo
632 1881 730 1943 iudice
753 1881 846 1951 sedes,

155 1963 266 2035 iudice,
290 1967 340 2045 qui
362 1967 436 2025 vitae
457 1972 524 2044 post
545 1971 671 2025 mortem
693 1964 921 2024 vindicatoria:

155 2047 207 2108 sed
229 2048 357 2109 Fortuna
381 2047 479 2110 valens
501 2049 641 2109 audacem
664 2047 776 2108 iecerat
796 2054 872 2108 ante.

154 2133 213 2192 iam
235 2133 330 2211 rapidi
351 2139 494 2192 steterant
515 2150 617 2193 amnes
639 2138 669 2191 11
691 2130 776 2191 turba
797 2130 928 2191 ferarum

155 2213 262 2274 blanda
283 2233 355 2275 1111
376 2234 486 2295 sequax
508 2217 661 2293 regionem
682 2213 832 2275 insederat
854 2212 985 2292 Orphei·

155 2300 271 2377 iamque
292 2300 382 2359 imam
406 2299 490 2358 viridi
511 2299 641 2360 radicem
663 2305 795 2358 moverat
816 2297 874 2358 alto

154 2399 282 2459 quercus
302 2381 392 2442 humo
436 2427 653 2442 .....
698 2380 845 2460 silvaeque
867 2397 997 2443 sonorae

154 2472 258 2542 sponte
280 2483 332 2525 sua
354 2472 457 2525 cantus
478 2464 633 2544 rapiebant
654 2465 765 2525 cortice
787 2481 882 2524 avara.

154 2546 286 2607 labentes
307 2547 421 2626 biiuges
444 2549 532 2609 etiam
553 2566 608 2627 per
629 2547 726 2608 sidera
747 2547 885 2608 Phoebus

153 2632 260 2710 pressit
282 2649 385 2709 equos,
409 2640 439 2691 et
460 2638 491 2691 tu
514 2631 674 2701 currentis,
705 2638 856 2691 menstrua
878 2631 974 2706 virgo,

154 2712 288 2775 auditura
309 2714 404 2792 lyram
425 2715 545 2774 tenuisti
566 2715 659 2775 Nocte
680 2713 792 2774 relicta,
907 2721 909 2729 '

153 2798 227 2857 haec
248 2796 351 2857 eadem
372 2799 467 2875 potuit
488 2796 561 2857 Ditis
582 2804 612 2857 te
633 2799 752 2857 1111111
774 2798 902 2858 coniunx

152 2879 377 2960 Eurydicenque
400 2883 461 2942 viro
484 2879 648 2941 ducendam
670 2879 814 2941 redderei
836 2897 896 2940 non
918 2878 973 2953 las,

153 2982 214 3025 uon
236 2971 301 3026 erat
321 2965 447 3025 invictae
470 2965 553 3025 dirae
576 2964 726 3026 exorabile
749 2982 870 3024 numen.

152 3047 201 3107 illa
223 3048 357 3127 quidem,
381 3050 505 3110 nimium
527 3065 629 3110 manes
651 3056 772 3128 experta
794 3063 921 3116 severos,

152 3141 342 3210 praeceptum
365 3132 499 3210 signabat
519 3133 576 3192 iter
598 3151 653 3193 nec
673 3131 787 3192 rettulit
807 3132 885 3190 intus

152 3211 263 3275 lumina
285 3232 341 3274 nec
364 3215 446 3276 divae
469 3217 602 3294 corrupit
623 3233 746 3276 munera
768 3213 882 3292 lingua;

152 3295 204 3356 sed
226 3303 258 3357 tu
281 3297 424 3369 crudelis,
447 3297 576 3359 crudelis
597 3307 629 3360 tu
651 3300 759 3376 magis,
783 3296 912 3376 Orpheu,

154 3376 318 3458 (peccatum
340 3383 508 3441 meminisse
530 3388 611 3441 tuom
635 3400 723 3459 grave
746 3380 815 3440 sede
837 3377 964 3459 piorum)

154 3460 253 3523 oscula
277 3480 344 3524 cara
366 3471 470 3543 petens
490 3465 597 3542 rupisti
618 3466 696 3525 iussa
719 3462 856 3524 deorum:

154 3545 260 3626 diguus
282 3563 365 3607 amor
387 3548 485 3619 venia,
509 3554 624 3626 gratum
647 3550 672 3608 si
694 3546 817 3608 Tartara
839 3552 969 3607 nossent.

1132 638 1175 690 ato
