2512 4096
450 285 595 334 venenu
613 285 753 334 school
773 286 809 332 vi
1094 274 1131 337 13

136 438 146 457 '
211 413 214 417 Ι
246 442 313 503 MO.
330 441 366 502 lt
382 449 414 502 tu
430 459 514 502 sume
528 441 646 519 pedum,
659 441 746 518 quod,
758 460 806 502 me
818 458 885 501 oum
899 458 989 518 saepe
1004 448 1130 519 rogaret.

248 543 308 585 non
329 525 394 586 tulit
414 526 571 602 Antigenes
594 524 632 604 (et
654 531 716 584 erat
737 530 807 585 tuuc
829 525 934 602 dignm
951 525 1056 603 amari)

248 611 430 669 formonsum
451 608 572 685 paribus
592 607 678 667 nodis
699 614 786 684 atque
806 625 891 677 aere,
913 605 1053 668 Menalca.
1098 617 1132 669 00
1237 680 1245 693 ,

528 790 728 800 ——-——-

597 943 655 1030 VI

247 1101 346 1163 Prima
369 1102 522 1181 Syracosio
544 1103 660 1179 dignata
683 1110 726 1165 est
747 1103 850 1164 ludere
871 1122 958 1165 versu

248 1192 347 1246 nostra
368 1204 464 1263 neque
487 1185 603 1247 eruhuit
623 1185 709 1247 silvas
730 1186 863 1248 habitare
884 1187 1004 1248 Thalea.

252 1286 318 1328 cum
341 1286 477 1328 canerem
498 1287 584 1346 reges
605 1277 635 1329 et
654 1270 779 1347 proelia,
803 1268 942 1348 Cynthius
963 1288 1064 1331 aurem

248 1351 326 1412 vellit
348 1359 377 1412 et
397 1353 562 1412 admonuit:
585 1361 759 1430 pastorem,
783 1353 896 1430 Tityre,
919 1355 1035 1431 pinguis

248 1452 370 1512 pascere
392 1442 508 1513 oportet
530 1437 603 1505 ouh,
626 1436 785 1497 deductum
808 1436 907 1496 dicere
929 1435 1067 1498 carmen!
1115 1452 1132 1502 5

248 1536 327 1580 nunc
349 1537 403 1596 ego
427 1519 561 1598 (namque
576 1536 663 1597 super
680 1520 732 1579 tihi
749 1526 835 1580 erunt
848 1521 898 1597 qui
911 1520 1010 1582 dicere
1021 1521 1130 1592 laudes,

248 1601 338 1673 Vare,
361 1612 426 1665 tuas
448 1605 566 1680 cupiant
588 1609 616 1662 et
637 1604 728 1664 tristia
751 1603 878 1664 condere
899 1603 985 1673 bella)

247 1694 391 1764 agrestem
412 1688 493 1748 tenui
514 1687 677 1748 meditabor
698 1687 862 1748 harundine
882 1705 1005 1748 musam.

247 1788 305 1830 non
321 1772 429 1832 iniussa
444 1789 527 1832 cano.
564 1772 654 1849 siquis
675 1777 772 1832 tamen
793 1771 867 1830 haec
889 1788 1020 1850 quoque,
1043 1771 1133 1848 siquis

249 1863 349 1932 captus
371 1873 472 1916 amore
493 1855 584 1934 leget:
608 1862 637 1914 te
658 1864 791 1924 nostrae,
815 1853 905 1923 Vare,
928 1855 1065 1933 myricae,
1099 1866 1133 1917 10

247 1943 276 1998 te
297 1957 401 2000 nemus
423 1957 510 2000 omne
533 1945 630 2006 canet;
652 1957 708 1999 nec
728 1937 850 2000 Phoebo
873 1938 983 2014 gratior
1006 1936 1100 2005 ullast,

248 2038 335 2099 quam
356 2023 412 2083 sihi
433 2041 509 2100 qnae
531 2023 598 2082 Vari
620 2023 811 2098 praescripsit
832 2021 938 2096 pagina
960 2037 1076 2079 nomen.

290 2104 423 2184 Pergite,
446 2106 585 2166 Pierides.
627 2105 761 2164 Chromis
777 2111 805 2163 et
820 2100 975 2178 Mnasyllos
996 2102 1026 2161 in
1049 2108 1130 2164 antro

248 2187 378 2249 Silenum
398 2191 485 2265 pueri
506 2205 609 2247 somno
631 2187 731 2246 videre
753 2189 905 2253 iacentem,

247 2271 379 2332 inflatum
401 2272 539 2330 hesterno
560 2286 663 2338 venas,
686 2277 720 2329 ue
739 2287 869 2345 semper,
893 2268 1014 2338 iaccho:
1099 2282 1131 2334 15

249 2361 327 2413 serta
348 2352 467 2431 procul,
490 2359 602 2413 mnium
625 2353 711 2430 capiti
734 2352 866 2429 delapsa,
889 2351 1031 2423 iacebant,

249 2443 278 2496 et
299 2439 395 2514 gravis
416 2437 513 2497 attrita
534 2435 681 2514 pendebat
703 2437 860 2497 cantharus
882 2453 961 2496 ansa.

249 2521 378 2599 adgressi
401 2520 478 2598 (nam
500 2538 588 2598 saepe
607 2539 699 2581 senex
721 2539 773 2598 spe
796 2521 933 2580 carminis
955 2520 1042 2581 anrho

247 2603 365 2684 luserat)
388 2605 509 2665 iniciunt
530 2606 601 2681 ipsis
622 2623 658 2665 ex
680 2603 910 2666 vincula¹sertis

248 2688 327 2748 addit
348 2706 381 2749 se
403 2691 511 2749 sociam
533 2688 697 2766 timidisque
719 2689 888 2766 supervenit
907 2687 1006 2764 Aegle,
1098 2699 1133 2753 ho

246 2772 349 2848 Aegle,
372 2774 509 2833 naiadum
531 2772 745 2850 pulcherrima,
768 2775 885 2850 iamque
905 2771 1013 2831 videnti

233 2858 415 2934 sanguineis
437 2856 564 2916 lrontem
586 2858 677 2916 moris
699 2863 728 2916 et
748 2863 881 2934 tempora
895 2856 1003 2932 pingit.

249 2937 300 2998 llle
322 2938 422 2999 dolum
443 2940 543 3000 ridens
566 2949 633 3017 ‘quo
656 2938 768 2999 vincula
791 2937 931 2999 nectitisl’
954 2941 1055 3017 inquit.

247 3021 359 3082 ‘solvite
379 3040 443 3092 me,
466 3025 566 3099 pueri:
590 3025 658 3083 satis
681 3030 725 3081 est
747 3025 875 3098 potuisse
896 3021 997 3081 videri.

251 3106 379 3165 carmina
402 3124 476 3183 quae
498 3106 580 3166 voltis
603 3106 786 3182 cognoscite;
810 3106 940 3165 carmina
961 3105 1052 3176 vobis,
1096 3117 1129 3170 aa

246 3188 315 3249 huic
337 3188 413 3249 aliud
427 3190 573 3250 mercedis
596 3187 670 3249 erit!
714 3188 799 3249 simod
821 3189 922 3265 incipit
942 3188 1014 3254 ipse.

244 3277 305 3332 tum
328 3291 396 3332 vero
418 3274 448 3333 in
470 3291 626 3334 numerum
649 3272 810 3350 faunosque
833 3271 968 3349 serasque
990 3272 1104 3332 videres

246 3353 361 3425 ludere,
384 3363 446 3416 tum
468 3357 577 3436 rigidas
598 3365 712 3416 motare
734 3357 884 3416 cacumina
908 3372 1052 3432 quercus;

244 3453 300 3496 nce
321 3445 432 3499 lantum
453 3441 574 3501 Phoebo
596 3441 703 3518 gaudet
723 3440 862 3501 Parnasia
884 3455 982 3514 rupes,

247 3537 302 3581 nec
323 3528 435 3583 tantum
448 3523 591 3601 Rhodope
612 3525 735 3583 mhatuu
758 3530 786 3584 et
800 3523 929 3583 Ismarus
945 3519 1071 3599 Orphea.
1096 3531 1130 3583 30
1227 3595 1238 3618 ι
