2512 4096
118 253 160 317 tt
407 259 551 308 vnnomr
573 259 776 308 ononercou
798 261 838 308 111

119 419 241 486 femina,
264 434 320 477 nec
341 432 496 476 nemorum
518 416 627 492 patitur
648 416 815 476 meminisse
837 433 892 476 nec
913 415 1029 480 herbae

119 500 252 565 dulcibus
272 499 321 560 illa
343 499 461 577 quidem
482 497 654 567 inlecebris,
678 504 707 559 et
727 517 814 576 saepe
836 497 983 577 superbos

119 584 258 648 cornibus
279 585 356 643 inter
378 601 409 643 se
432 581 539 660 subigit
561 582 722 644 decernere
743 583 875 642 amantis.

117 669 247 748 pascitur
268 668 298 727 in
320 682 426 744 magna
448 665 507 727 Sila
527 667 676 726 formonsa
697 668 833 727 iuvenca:

119 753 159 814 illi
182 751 358 813 alternantes
380 747 472 811 multa
493 750 521 808 vi
541 748 653 828 proelia
674 751 799 810 miscent

119 834 288 897 volneribus
310 832 439 905 crebris,
462 833 530 893 lavit
552 841 615 895 ater
637 851 763 911 corpora
785 834 912 912 sanguis,

119 937 262 999 versaque
283 920 313 979 in
336 917 459 979 obnixos
480 925 625 994 urgentur
647 935 757 978 cornua
779 925 859 978 vasto

120 1021 188 1065 cum
209 1003 329 1080 gemitu,
352 999 476 1061 reboant
497 999 643 1079 silvaeque
665 1009 694 1062 et
714 1000 820 1078 longus
843 1001 994 1080 Olympus

120 1104 176 1148 nee
197 1104 262 1147 mos
283 1083 417 1147 bellantis
438 1102 496 1146 una
517 1083 677 1154 stabulare,
700 1085 752 1146 sed
766 1084 839 1146 alter

122 1171 212 1231 rictus
234 1169 308 1239 abit,
330 1168 476 1246 longeque
498 1169 605 1246 ignotis
626 1167 723 1229 exulat
744 1170 812 1229 oris.
904 1171 907 1179 '

120 1254 210 1315 multa
232 1270 352 1332 gemens
374 1253 562 1331 ignominiam
583 1251 743 1331 plagasque
764 1251 884 1330 superbi

121 1338 253 1408 victoris,
276 1346 339 1399 tum
361 1355 435 1416 quos
457 1338 560 1406 amisit¹
573 1335 683 1397 iutdtus
705 1355 834 1413 amores,

122 1428 151 1482 et
172 1421 285 1483 stabtda
307 1427 462 1499 aspectans
483 1421 583 1496 regnis
605 1421 730 1481 excessit
750 1422 845 1482 avitis:

122 1523 192 1584 ergo
215 1507 294 1566 omni
316 1522 387 1567 cura
408 1505 477 1565 viris
499 1511 631 1573 exercet,
654 1511 683 1564 et
702 1504 778 1564 inter

122 1588 195 1649 dura
217 1590 292 1650 iacet
312 1589 417 1668 pernix
439 1589 561 1648 instrato
584 1605 653 1649 saxa
675 1587 764 1649 cubili

123 1671 277 1733 frondibus
299 1672 421 1733 hirsutis
440 1678 469 1732 et
491 1673 587 1732 carice
607 1678 709 1749 pastus
731 1679 825 1742 acuta,

123 1764 153 1818 et
173 1762 295 1834 temptat
317 1774 395 1825 sese,
418 1762 506 1834 atque
527 1755 615 1816 irasci
636 1756 667 1816 in
689 1773 800 1817 cornua
823 1756 907 1817 discit

121 1839 237 1902 arboris
259 1839 383 1902 obnixus
405 1845 526 1910 trunco,
549 1846 708 1918 ventosque
728 1838 845 1901 lacessit

121 1925 242 1996 ictibus,
267 1931 295 1986 et
316 1941 418 2002 sparsa
440 1924 478 1985 ad
498 1939 628 2001 pugnam
648 1923 778 2001 proludit
799 1925 918 1985 harena'.

120 2015 188 2086 post
208 2008 259 2072 ubi
282 2007 436 2070 collectum
456 2007 549 2069 robor
573 2010 706 2086 viresque
727 2008 865 2078 relectae,

121 2094 204 2170 signa
225 2099 336 2163 moret,
359 2110 560 2172 praecepsque
582 2091 704 2153 oblitum
725 2092 818 2152 fertur
840 2094 870 2152 in
891 2092 1022 2153 bostem:

121 2175 228 2237 lluctus
249 2179 309 2247 uti,
332 2177 429 2239 medic
451 2178 547 2255 coepit
569 2194 636 2237 cum
658 2174 809 2237 albescere
829 2183 930 2253 ponto,

121 2257 237 2336 longius
259 2278 295 2321 ex
317 2259 433 2339 altoque
455 2262 552 2323 sinum
572 2259 677 2330 trabit,
700 2265 790 2337 utque
811 2259 926 2321 volutus

123 2340 160 2402 ad
181 2348 277 2403 terras
299 2345 425 2405 immane
447 2351 531 2404 sonat
551 2361 605 2420 per
628 2361 697 2403 saxa
719 2361 815 2422 nequa
836 2344 900 2421 ipso

121 2431 221 2486 monte
242 2427 340 2487 minor
360 2426 540 2503 procumbit,
564 2433 593 2486 at
613 2427 671 2486 ima
694 2434 843 2488 exaestuat
864 2428 941 2488 unda
1081 2436 1132 2491 tto

122 2507 281 2570 vorticibus
302 2510 474 2588 nigramque
496 2508 553 2569 alte
575 2508 718 2570 subiectat
739 2507 889 2571 harenam.

165 2591 258 2654 Omne
281 2592 353 2654 adeo
375 2609 468 2668 genus
489 2593 519 2652 in
542 2592 629 2653 terris
650 2592 860 2671 bominumque
882 2595 1080 2674 ferarumque,

122 2683 151 2738 et
172 2692 266 2753 genus
288 2693 482 2754 aequoreum,
504 2675 632 2752 pecudes
654 2676 807 2753 pictaeque
828 2676 972 2750 volucres,

122 2761 152 2820 in
174 2760 264 2821 furias
286 2761 442 2838 ignemque
463 2766 567 2820 ruunt:
589 2759 680 2820 Amor
702 2758 837 2820 omnibus
859 2762 946 2822 idem.

121 2850 256 2921 tempore
277 2860 336 2904 non
358 2842 415 2903 alio
437 2841 602 2905 eatadorum
624 2842 713 2904 oblita
734 2840 836 2905 leaena
1081 2854 1131 2909 245

122 2928 235 2988 saevior
257 2927 365 2988 erravit
386 2928 514 3005 campis,
537 2945 593 2989 nec
615 2928 718 2990 lunera
740 2927 824 3006 volgo

120 3017 181 3070 tam
203 3009 293 3072 multa
316 3011 457 3073 informes
478 3014 540 3073 ursi
562 3018 748 3091 stragemque
770 3012 879 3074 dedere

121 3110 175 3171 per
197 3094 298 3166 silvas3
326 3103 389 3159 tum
411 3114 513 3158 meros
534 3114 621 3174 aper,
643 3104 706 3159 tum
727 3098 851 3173 pessima
874 3096 973 3174 tigris:

121 3177 278 3240 heumalo
299 3185 361 3241 tum
382 3179 490 3260 Libyae
511 3179 581 3240 solis
602 3191 718 3242 erratur
738 3180 769 3238 in
791 3181 879 3256 agris,
1081 3189 1132 3246 249

122 3262 185 3338 ipse
207 3263 267 3323 ruit
288 3263 448 3342 dentesque
471 3261 633 3324 Sabellicus
655 3263 770 3324 exactrit
791 3280 851 3333 sus,
1080 3275 1131 3328 255

123 3353 152 3405 et
172 3346 248 3423 pede
269 3346 434 3426 prosubigit
454 3353 580 3415 terram,
603 3345 689 3408 lricat
710 3345 817 3407 arbore
840 3353 944 3417 costas,

122 3434 209 3508 atque
230 3429 299 3490 hine
321 3437 408 3509 atque
429 3430 508 3491 ilbnc
528 3447 647 3491 umeros
669 3430 707 3491 ad
728 3427 847 3490 volnera
865 3429 959 3491 durat.

122 3514 192 3593 quid
212 3511 312 3594 lynces
333 3515 442 3578 Bacchi
463 3515 561 3575 variae
583 3521 612 3575 et
632 3530 725 3592 genus
747 3531 816 3575 acre
836 3513 974 3592 luporum
1081 3521 1133 3579 act
