2512 4096
91 256 95 266 '
181 257 223 320 72
468 267 614 324 runem
636 267 838 317 cuoncrcon
861 267 915 315 uu

182 424 361 502 tinnitusque
384 422 427 482 cie
450 429 479 482 et
499 422 599 483 Matris
621 429 707 501 quate
730 420 860 502 cymbala
883 421 1010 482 circum:
1168 432 1196 488 fis

182 507 263 586 ipsae
285 506 437 567 consident
457 504 607 566 medicatis
630 506 765 575 sedibus,
787 507 867 583 ipsae

183 592 294 652 intuma
316 608 399 650 more
421 607 474 650 suo
495 607 562 650 sese
585 591 614 649 in
637 589 782 650 cunabula
805 591 940 651 condent.

226 673 277 735 Sin
300 680 397 735 autem
420 673 457 735 ad
477 688 608 751 pugnam
628 674 752 734 exierint
774 672 851 752 (nam
874 691 962 750 saepe
985 671 1106 734 duobus

182 756 303 836 regibus
325 758 443 817 incessit
464 774 571 835 magno
595 757 740 817 discordia
762 763 859 826 motu;

183 841 380 920 continuoque
402 842 515 901 animos
537 838 613 918 volgi
635 849 665 902 et
686 841 860 918 trepidantia
881 839 959 902 bello

183 924 274 986 corda
294 924 363 985 lieet
384 923 472 1000 longe
492 925 707 1002 praesciscere:
729 941 856 1002 namque
878 925 1021 985 morantis

183 1007 304 1069 blartius
325 1007 374 1068 ille
396 1009 472 1068 aeris
494 1008 575 1068 rauci
599 1026 689 1069 canor
711 1009 859 1085 increpat,
883 1017 911 1068 et
932 1026 987 1068 vox

183 1091 300 1153 auditur
322 1093 430 1152 fractos
452 1091 564 1152 sonitus
586 1092 695 1152 imitata
717 1091 870 1160 tubarum:

183 1182 245 1236 tum
268 1177 398 1255 trepidae
420 1176 496 1236 inter
517 1193 550 1236 se
572 1183 680 1236 coeunt
700 1175 856 1254 pinnisque
878 1182 1034 1235 coruscant

183 1259 352 1338 spiculaque
374 1266 520 1320 exacuunt
540 1261 646 1320 rostris
668 1266 825 1338 aptantque
847 1256 980 1327 lacertos,

184 1351 213 1404 et
235 1345 312 1404 circa
334 1361 435 1422 regem
458 1346 544 1423 atque
567 1344 628 1420 ipsa
651 1342 687 1403 ad
709 1344 857 1420 praetoria
879 1342 986 1403 densae

183 1427 345 1488 miscentur
366 1426 539 1506 magnisque
561 1433 667 1487 vocant
689 1425 867 1488 clamoribus
888 1425 1012 1504 hostem)

185 1527 255 1588 ergo
277 1509 329 1570 ubi
349 1529 401 1571 rer
423 1517 545 1571 nanctae
568 1511 674 1571 sudum
698 1529 875 1590 camposque
897 1510 1022 1588 patentis

184 1600 344 1670 erumpunt
365 1594 472 1671 portis:
496 1595 698 1664 concurritur,
722 1594 840 1654 aethere
862 1595 892 1653 iu
915 1592 972 1654 alto

184 1677 216 1737 tit
238 1678 366 1747 sonitus,
389 1694 528 1755 magnum
550 1678 657 1738 mixtae
679 1676 880 1754 glomerantur
902 1678 932 1737 in
954 1676 1067 1747 orbem,

184 1760 417 1842 praecipitesque
440 1759 561 1829 cadunt;
584 1778 644 1820 non
667 1762 784 1822 densior
807 1767 876 1822 aere
899 1760 1020 1840 grando,

184 1861 240 1905 nec
262 1844 299 1905 de
322 1861 464 1906 concussa
485 1850 598 1905 tantum
620 1843 694 1922 pluit
715 1844 782 1906 ilice
803 1845 927 1923 glandis..

184 1929 240 2007 ipsi
262 1946 316 2006 per
338 1927 450 1989 medias
473 1928 549 1989 acies
571 1927 734 2006 insignibus
757 1928 809 1989 alis

184 2013 311 2091 ingentis
333 2012 445 2074 ammos
468 2018 592 2090 angusto
615 2014 645 2073 in
667 2019 788 2092 pectore
809 2020 934 2084 versant,

183 2114 278 2177 usque
300 2097 374 2158 adeo
397 2096 498 2157 obnixi
520 2115 579 2157 non
602 2097 724 2167 cedere,
748 2096 818 2157 dum
841 2099 937 2176 gravis
958 2105 1008 2157 aut
1030 2096 1085 2157 bos

184 2187 235 2240 aut
256 2179 311 2240 bos
333 2199 416 2242 versa
439 2181 507 2260 iuga
529 2182 621 2242 victor
644 2182 715 2241 dare
737 2188 819 2258 terga
841 2182 965 2258 subegit.

183 2261 215 2322 bi
237 2269 334 2323 motus
356 2266 521 2325 animorum
543 2271 631 2344 atque
653 2266 727 2325 baec
749 2267 907 2326 certamina
929 2272 1008 2324 tanta

184 2343 313 2424 pulveris
337 2348 433 2426 exigui
454 2349 532 2408 iactu
556 2366 725 2426 compressa
747 2349 905 2426 quiescent.

185 2447 288 2489 verum
309 2429 361 2490 ubi
383 2430 521 2492 ductores
544 2433 606 2492 acie
628 2431 812 2493 revocareris
834 2433 930 2502 ambo,

185 2512 314 2578 deterior
337 2514 386 2592 qui
408 2514 499 2583 visus,
523 2533 604 2585 eum,
626 2533 664 2575 ne
686 2513 828 2591 prodigus
851 2515 934 2583 obsit,

186 2595 260 2658 dede
281 2597 362 2665 neci;
386 2595 490 2657 melior
514 2615 604 2658 vacua
626 2599 688 2658 sine
710 2604 814 2674 regnet
835 2599 865 2658 in
888 2599 962 2660 aula.

182 2675 269 2756 [alter
286 2682 343 2741 erit
358 2678 482 2741 maculis
505 2697 577 2741 auro
600 2679 801 2760 squalentibus
823 2681 952 2761 ardeus]

184 2782 253 2825 nam
276 2765 334 2825 duo
357 2771 425 2825 sunt
447 2781 571 2842 genera:
595 2764 643 2824 hic
665 2762 769 2825 melior
791 2766 911 2842 insignis
934 2775 962 2826 et
984 2785 1036 2826 ore

186 2855 215 2908 et
235 2847 330 2908 rutilis
353 2846 450 2908 clarus
472 2849 615 2926 squamis;
639 2846 687 2909 ille
708 2847 847 2909 horridus
869 2849 942 2910 alter

186 2931 294 2993 desidia
316 2931 464 3010 latamque
484 2932 606 2993 trahens
628 2931 771 3012 inglorius
793 2932 897 2994 alvom.

229 3015 265 3075 Vt
285 3015 372 3077 binae
393 3033 498 3095 regum
521 3015 623 3088 iacies,
646 3017 685 3079 ita
711 3035 835 3096 corpora
856 3017 959 3097 plebis.

185 3118 311 3179 namque
334 3098 407 3162 aliae
429 3108 530 3178 turpes
551 3100 691 3172 horrent,
713 3121 767 3163 ceu
788 3100 910 3179 pulvere
931 3101 967 3161 ab
991 3100 1049 3161 alto

186 3202 275 3264 quom
298 3183 375 3244 venit
398 3191 426 3245 et
447 3186 526 3246 sicco
548 3190 657 3245 terram
681 3186 760 3263 spuit
781 3202 833 3244 ore
855 3185 946 3243 viator

180 3268 300 3339 ,aridus;
325 3265 441 3328 elucent
464 3267 536 3328 aliae
559 3275 588 3328 et
609 3267 723 3343 fulgore
743 3275 899 3328 coruscant

186 3351 322 3414 ardentes
345 3368 418 3412 auro
442 3358 470 3413 et
491 3348 613 3431 paribus
634 3348 684 3410 lita
706 3367 830 3428 corpora
852 3351 949 3428 guttis.

185 3436 260 3498 baec
281 3436 378 3514 potior
400 3433 535 3505 suboles,
558 3433 628 3494 hinc
650 3431 722 3494 caeli
743 3440 875 3511 tempore
898 3442 979 3495 certo
1154 3447 1203 3499 tut

186 3518 282 3582 dulcia
303 3517 390 3581 mella
410 3537 543 3605 premes,
566 3535 622 3579 nec
644 3522 757 3580 tantum
778 3516 873 3579 dulcia
895 3525 1037 3600 quantum
