2512 4096
177 239 235 306 128
513 247 656 298 vunnim
679 246 802 297 enums
825 247 851 294 u

172 415 257 490 parta
279 408 346 469 tibi:
366 405 502 468 lacrimas
524 402 648 465 dilectae
669 403 746 484 pelle
769 402 905 466 Creusae.

173 510 233 553 ncn
255 509 310 570 ego
326 489 541 571 Myrmidonum
565 487 650 549 sedes
671 487 850 565 Dolopumve
873 484 1016 564 superbas
1138 494 1189 550 785

173 577 312 654 aspiciam
333 583 383 636 aut
405 574 489 634 Grais
508 573 649 634 servitum
668 569 811 631 matribus
828 570 877 631 ibo

172 658 316 722 Dardanis
338 666 367 720 et
387 658 469 718 divae
490 655 612 718 Veneris
632 672 741 727 nurus,

173 743 225 803 sed
247 761 294 804 me
316 759 423 821 magna
445 741 534 803 deum
556 740 689 818 genetrix
711 739 756 800 bis
775 738 885 800 detinet
908 737 977 798 cris.

173 827 290 905 iamque
309 824 374 886 vale
395 833 424 886 et
443 826 504 888 nati
525 842 608 885 serva
629 822 792 884 communis
813 820 969 883 amorem'

174 910 249 972 baec
269 909 321 970 ubi
341 909 418 970 dicta
440 908 534 978 dedit,
557 907 758 969 lacrimantem
781 913 810 969 et
829 905 921 967 multa
938 903 1082 968 volentem
1137 913 1191 970 790

175 993 274 1055 dicere
295 992 440 1064 deseruit,
458 994 613 1071 tenuisque
634 991 755 1052 recessit
775 991 805 1050 in
828 1007 924 1051 aures.

174 1083 221 1138 ter
243 1082 364 1139 conatus
384 1075 426 1138 ibi
448 1074 523 1137 ccllc
542 1075 614 1136 dare
634 1073 770 1136 bracchia
789 1075 921 1142 circum;

174 1169 231 1238 ter*
243 1160 354 1222 lrustre
376 1177 551 1239 comprensa
572 1175 678 1220 manus
699 1157 801 1236 cffugit
822 1159 933 1235 imago,

176 1261 232 1324 par
250 1243 363 1306 levibus
382 1244 475 1305 ventis
496 1242 666 1322 volucrique
685 1240 829 1303 simillima
849 1260 962 1302 somno.

175 1329 219 1388 sic
240 1327 359 1389 demum
378 1329 473 1389 socios
494 1332 666 1406 consumpta
686 1333 772 1387 noete
793 1327 897 1387 reviso.
1139 1334 1190 1392 795

217 1410 312 1491 Atque
333 1411 382 1472 bic
401 1413 552 1491 ingentem
573 1412 711 1472 comitum
731 1409 888 1472 adfluxisse
908 1428 1051 1472 novorum

175 1495 290 1555 invenio
311 1494 459 1556 admirans
479 1512 650 1564 numerum,
673 1500 840 1575 matresque
861 1495 1012 1574 virosque,

177 1576 330 1640 collectam
351 1578 436 1640 exilio
458 1580 583 1657 pubem,
606 1577 771 1640 miserabile
792 1577 904 1656 volgus

177 1660 307 1738 undique
328 1679 506 1732 convenere,
531 1662 634 1724 animis
654 1661 818 1740 opibusque
838 1665 948 1740 parati,

176 1745 207 1804 in
230 1761 430 1824 quascumque
450 1744 536 1807 velim
557 1743 662 1823 pelago
684 1744 830 1807 deducere
848 1752 952 1808 terras.
1140 1757 1193 1814 ene

178 1829 295 1905 iamque
315 1829 391 1908 iugis
412 1846 544 1891 summae
563 1827 704 1906 surgebat
725 1827 843 1890 Lucifer
865 1829 934 1892 ldae

177 1911 362 1990 (lucebatque
383 1912 474 1983 diem,
499 1911 649 1989 Danaique
670 1910 789 1973 obsessa
809 1911 949 1975 tenebant

177 1993 277 2057 limina
297 2001 465 2075 portarum,
488 2014 543 2057 nec
560 2012 629 2075 spes
651 1997 715 2074 opis
735 1994 794 2057 ulla
816 1995 954 2061 dabatur:

177 2079 253 2141 cessi
276 2085 305 2139 et
325 2078 440 2143 sublate
461 2085 576 2141 urentes
595 2080 729 2157 genitore
747 2080 845 2158 petivi.
980 2101 984 2107 ·
