2512 4096
167 285 228 348 812
496 291 640 340 vnnoltn
654 289 780 339 ARMIS
798 289 835 336 xi

168 451 216 512 hic
236 458 346 511 matres
367 448 550 527 miseraeque
572 464 673 516 nurus,
696 445 744 506 hic
765 461 832 506 care
856 460 1001 505 sororum
1136 447 1177 504 ati

168 540 288 614 pectora
310 538 494 593 maerentum
515 532 657 609 puerique
678 527 849 606 parentibus
871 526 937 589 orbi

169 617 265 678 dirum
288 623 464 678 execrantur
484 613 595 675 beilum
614 613 765 691 Turnique
786 611 983 691 hymenaeos:

168 703 264 779 ipsum
286 701 376 760 armis
398 701 553 777 ipsumque
574 696 676 757 iubent
696 697 858 757 decernere
879 695 972 765 terro,

169 785 219 862 qui
238 799 364 858 regnum
385 782 484 843 italiae
501 789 530 842 et
550 782 663 860 primos
683 778 738 840 sibi
757 786 858 857 poscat
878 776 1025 841 honoros.

168 867 299 944 ingravat
316 865 390 926 haec
411 882 512 926 saevos
530 864 659 925 Drances
680 862 834 940 soiumque
854 862 954 922 vocari
1139 869 1181 923 no

169 954 300 1018 testatur,
323 947 418 1009 seium
438 949 521 1024 posci
541 949 572 1007 in
593 947 752 1007 certamina
772 946 915 1006 Turnum.

172 1032 261 1093 muita
282 1031 369 1092 simui
391 1039 494 1090 contra
516 1031 603 1090 variis
624 1029 767 1089 sententia
788 1028 873 1089 dictis

169 1110 1041 1271 tutissimitituttitttttttifflbm’

211 1281 272 1340 iios
290 1280 366 1340 inter
387 1287 493 1349 motus,
515 1277 612 1338 medio
633 1279 664 1337 in
685 1277 827 1354 flagrante
848 1274 988 1348 tumultu,

171 1380 239 1423 ecce
261 1379 351 1440 super
371 1363 475 1423 maesti
496 1378 601 1439 magna
622 1360 769 1422 Diomedis
790 1360 827 1419 ab
849 1359 926 1421 mbe

171 1443 259 1520 iegati
280 1462 422 1522 respoma
443 1445 560 1506 iorum:
581 1443 654 1504 nihil
675 1443 812 1505 omnibus
833 1450 931 1505 actum

171 1535 317 1588 tantorum
333 1528 617 1606 inpemisoporum,
639 1526 681 1587 nii
701 1527 779 1588 dona
799 1544 896 1606 neque
918 1545 1031 1589 aurum

171 1627 226 1671 nec
245 1627 365 1686 magnas
383 1609 507 1671 valuisse
526 1628 639 1689 preces,
662 1608 717 1671 alia
735 1628 817 1671 arma
838 1609 948 1670 Latinis

171 1693 337 1770 quaerenda
354 1703 405 1753 aut
420 1710 523 1771 pacem
544 1694 672 1754 Troiano
694 1692 731 1753 ab
753 1710 824 1770 rege
846 1694 1022 1772 petendum.

171 1775 268 1836 deficit
288 1777 399 1854 ingenti
420 1774 501 1836 luctu
523 1794 576 1838 rex
597 1776 661 1855 ipse
685 1776 815 1838 Latinus.

170 1858 286 1920 fatalem
307 1860 425 1920 Aenean
445 1858 598 1921 mmitesto
619 1860 739 1922 numine
759 1860 832 1922 terri

170 1941 307 2004 admonet
327 1944 370 2003 ira
390 1943 479 2004 deum
498 1941 662 2022 tumulique
684 1955 752 2006 ante
770 1962 822 2004 ora
843 1950 990 2005 recentes.

171 2041 241 2101 ergo
261 2025 416 2087 concilium
437 2045 577 2105 magnum
598 2029 768 2108 primosque
786 2045 909 2089 suorum

170 2109 294 2185 imperio
314 2111 422 2170 accitos
444 2109 501 2171 atta
522 2113 600 2172 intra
619 2111 720 2173 iimina
742 2112 828 2188 cogit.

170 2190 219 2251 oiii
242 2209 406 2253 convenere
425 2193 578 2271 fluuntque
599 2195 637 2254 ad
656 2195 738 2270 regie
759 2192 853 2272 plenis

171 2281 245 2335 tecta
262 2276 325 2335 viis.
357 2275 440 2335 sedet
458 2277 489 2334 in
510 2277 614 2336 mediis
633 2284 662 2337 et
682 2278 826 2336 maximus
848 2293 917 2336 aevo

171 2365 200 2418 et
218 2359 332 2434 primus
349 2359 474 2436 sceptris
490 2356 563 2418 haut
580 2357 655 2418 laeta
676 2358 774 2419 trente
792 2359 921 2418 Latinus.

171 2449 257 2517 atque
275 2439 323 2500 hic
341 2438 453 2518 legatos
475 2439 576 2502 Aetola
598 2458 634 2501 ex
655 2440 731 2503 urbe
751 2442 901 2511 remissos,

171 2540 255 2665 qugiql
264 2521 407 2666 referarpq,
428 2523 486 2584 tari
506 2523 639 2666 iffitfet
646 2541 804 2667 t<qesiponpia
825 2526 955 2669 rheposcit
1135 2537 1182 2589 att

172 2623 204 2666 or
256 2623 370 2666 ecunc
417 2623 482 2666 suo.
612 2625 647 2667 ac
696 2625 808 2668 sena
851 2626 870 2668 n
937 2655 946 2678 ,

172 2703 199 2748 et
217 2686 347 2748 Venulus
365 2689 443 2749 dicto
462 2706 571 2767 parens
589 2690 630 2749 ita
648 2691 739 2750 farier
756 2691 834 2750 iniit:
855 2626 937 2729 ω

212 2770 367 2842 ‘Vidimus
390 2790 409 2832 o
430 2773 517 2842 cives,
539 2772 681 2834 Diomede
700 2774 864 2852 Argivaque
886 2783 984 2836 casua

170 2861 256 2933 atque
277 2855 334 2914 iter
353 2857 464 2916 emensi
487 2873 572 2916 casus
590 2858 792 2936 superavimus
814 2859 910 2920 omnis

170 2939 403 3020 contigimusque
425 2958 554 3010 manum,
577 2959 634 3020 qua
658 2941 785 3002 concidit
805 2939 856 3002 iiia
877 2941 972 3003 tetius.
1132 2950 1180 3002 ott

169 3021 217 3085 iile
238 3020 343 3082 urbem
364 3025 538 3104 Argyripam
557 3027 670 3103 patriae
691 3026 866 3103 cognomine
887 3027 982 3103 gentis

169 3105 262 3165 victor
284 3107 410 3184 Gargani
428 3108 574 3170 condebat
591 3109 706 3188 iapygio
726 3111 815 3186 agris.

169 3195 324 3266 postquam
345 3190 519 3269 introgressi
541 3200 571 3253 et
592 3209 692 3251 coram
714 3191 781 3252 data
803 3191 887 3267 copia
908 3191 998 3260 sandi,

168 3287 291 3330 munera
312 3272 517 3348 praeferimus,
540 3291 649 3334 nomen
669 3275 852 3351 patriamque
873 3272 1024 3345 docemus,

169 3353 220 3430 qui
240 3351 351 3414 bellum
371 3355 531 3425 innuerint,
555 3375 631 3435 quae
653 3374 740 3417 causa
762 3357 914 3417 attraxerit
933 3357 1030 3434 Arpos
1132 3364 1181 3418 tot

152 3434 274 3505 ¹auditis
294 3435 344 3496 iiie
360 3436 435 3498 haec
457 3438 573 3517 placido
593 3441 637 3500 sic
654 3439 781 3499 reddidit
802 3456 871 3499 ore:

170 3525 213 3577 “o
235 3516 401 3581 fortunatae
423 3528 533 3598 gentes.
557 3521 693 3582 Saturnia
716 3538 816 3596 regna,
