2512 4096
118 234 180 300 292
455 244 596 293 venerer
617 242 742 292 anuum
765 242 790 289 x

120 402 217 466 caedit
238 400 415 463 semianimis
435 397 613 461 Rutulorum
635 395 764 458 calcibus
785 414 866 458 erre.

119 505 154 549 ac
176 484 254 546 rehu
275 490 373 562 optato
396 483 488 544 ventis
508 488 616 544 aestate
638 481 746 542 coortis

120 570 252 648 dispersa
273 568 391 628 inmittit
412 565 490 628 silvis
510 565 646 626 incendia
663 570 764 642 pastor

122 652 275 733 [correptis
295 650 391 711 suhito
412 650 517 711 mediis
539 649 704 711 extenditur
724 664 782 707 uua

123 735 242 798 horrida
261 753 316 815 per
337 733 411 795 latos
432 735 510 795 acies
528 732 666 794 Volcania
688 747 821 808 campcs;

124 818 169 880 ille
190 818 296 879 sedens
317 819 410 878 victor
429 816 561 878 llammas
583 816 733 893 despectat
752 813 893 893 crantisl:

120 919 181 962 non
201 901 285 963 aliter
307 902 419 964 socium
440 902 531 962 virtus
553 900 612 960 coit
633 899 728 958 omnis
745 899 775 958 iu
795 914 891 958 unum

122 993 209 1064 teque
231 987 317 1054 iuvat,
339 982 429 1046 Palla.
459 984 511 1044 sed
524 981 609 1044 hellis
630 1000 699 1042 acer
721 981 862 1041 Halaesus

120 1068 214 1130 tendit
234 1069 264 1128 in
285 1068 424 1128 adversos
442 1085 532 1146 seque
553 1067 584 1125 in
603 1083 655 1127 sua
678 1063 788 1141 colligit
808 1081 901 1130 arma

121 1152 169 1212 hic
185 1157 292 1212 mactat
312 1151 431 1212 Ladona
451 1149 635 1227 Pheretaque
655 1148 926 1228 Demodocumque,

122 1234 289 1315 Strymonio
309 1235 440 1295 dextram
461 1232 584 1311 fulgenti
602 1232 709 1311 deripit
730 1249 800 1292 ense

123 1319 229 1380 elatam
246 1318 277 1377 iu
298 1317 441 1396 iugulum,
463 1335 534 1378 saxo
556 1317 624 1378 ierit
645 1333 696 1376 ora
718 1315 858 1376 Thoantis

122 1418 247 1479 ossaque
268 1400 404 1479 dispersit
425 1400 549 1463 cerebro
567 1400 713 1480 permixta
735 1405 867 1459 cruento.

123 1484 181 1545 iata
203 1501 309 1544 caveus
330 1482 415 1545 silvis
429 1486 544 1563 genitor
565 1483 674 1545 ederat
694 1481 865 1545 Halaesum:

124 1574 157 1628 ut
174 1567 273 1628 senior
293 1565 352 1627 leto
375 1569 506 1628 canentia
528 1567 638 1628 lumina
660 1566 752 1635 solvit,

123 1651 253 1711 iniecere
273 1667 393 1710 manum
414 1668 523 1729 parcae
542 1650 665 1730 telisque
685 1658 839 1711 sacrarunt

124 1733 263 1795 Euandri.
296 1751 384 1812 quem
401 1734 443 1794 sic
464 1732 559 1796 Pallas
577 1734 657 1812 petit*
670 1741 737 1794 ante
755 1737 909 1811 precatus:

124 1816 176 1877 ‘da
198 1833 286 1888 nuuc,
308 1816 419 1895 Thybri
437 1824 530 1896 pater,
553 1819 643 1886 ierrc,
665 1817 744 1896 quod
764 1813 873 1876 missile
895 1814 987 1888 libro,

124 1900 273 1961 fortunam
295 1906 383 1977 atque
405 1902 480 1961 darn
502 1901 568 1964 duri
587 1920 642 1980 per
662 1907 765 1980 pectus
785 1897 911 1959 Halaesi.

124 1983 198 2044 haec
219 2002 301 2045 arma
322 1984 497 2063 exuviasque
517 1988 570 2047 riri
590 1993 640 2046 tua
662 2000 790 2064 quercus
809 1980 952 2045 habebit:

125 2067 216 2127 audiit
231 2066 283 2127 illa
305 2068 393 2128 deus:
417 2067 488 2130 dum
510 2071 582 2130 texit
605 2069 725 2131 Imaona
743 2066 894 2135 Halaesus,

125 2150 250 2212 Arcadio
271 2150 372 2213 infelix
392 2152 450 2213 telo
473 2153 522 2214 dat
541 2161 644 2233 pectus
664 2153 821 2212 inermum.

126 2242 156 2293 st
177 2251 236 2294 nou
260 2235 350 2296 caede
371 2237 428 2307 riri
450 2243 529 2297 tanta
550 2235 707 2315 perterrita
725 2235 845 2302 Lausus,

125 2334 194 2395 pars
213 2319 317 2396 ingens
334 2317 414 2388 helil,
435 2320 503 2380 sinit
524 2322 656 2396 agmina:
675 2320 790 2397 primus
810 2316 958 2380 Abantem

127 2403 295 2479 oppositum
315 2403 465 2473 interimit,
488 2421 605 2481 pugnae
622 2403 790 2481 nodumque
810 2417 997 2481 moramque.

126 2486 266 2544 sternitur
285 2487 425 2546 Arcadiae
445 2485 553 2564 proles,
572 2492 744 2548 sternuntur
765 2485 882 2545 Etrusci

126 2574 155 2628 et
176 2585 237 2637 vos,
257 2585 274 2627 c
297 2569 381 2630 Grais
403 2569 548 2646 iuperdita
570 2586 704 2649 corpora,
727 2568 845 2629 Teucri.
1090 2579 1140 2630 sec

126 2652 243 2727 agmina
264 2656 445 2712 concurrunt
466 2650 648 2731 ducibusque
667 2657 696 2712 et
717 2651 834 2712 viribus*
850 2654 964 2730 aequis.

126 2734 251 2795 extremi
273 2733 434 2794 addensent
452 2734 528 2794 acies
548 2752 604 2796 uec
624 2733 712 2795 turha
731 2735 842 2794 moveri

126 2813 184 2876 tela
204 2832 367 2895 manusque
388 2817 464 2876 sinit.
500 2816 569 2879 hinc
590 2817 684 2880 Pallas
706 2819 794 2878 instat
815 2826 844 2879 et
865 2826 963 2897 urget,

125 2898 196 2960 hinc
215 2906 317 2959 contra
337 2899 458 2968 Lausus,
481 2918 537 2963 nec
555 2902 679 2964 multum
701 2903 847 2982 discrepat
868 2910 965 2964 aetas:

128 2983 238 3060 egregii
259 2982 363 3052 forma,
386 2982 438 3045 sed
451 2985 516 3064 quis
537 2985 668 3049 Fortuna
689 2994 811 3065 negarat
1093 2997 1139 3048 tet

127 3069 157 3127 iu
175 3067 300 3144 patriam
318 3065 440 3130 reditus.
472 3069 552 3148 ipsos
572 3089 750 3133 concurrere
768 3087 873 3149 passus

127 3149 198 3209 haut
220 3156 318 3209 umen
339 3151 416 3213 inter
438 3170 470 3214 se
492 3156 590 3232 magui
611 3163 750 3234 regnator
773 3152 901 3232 Olympi:

127 3251 195 3293 mox
219 3230 284 3293 illos
306 3251 358 3295 sua
380 3234 438 3298 iata
458 3244 578 3299 manent
598 3238 710 3299 maiore
727 3236 783 3296 sul)
805 3236 898 3298 hoste.

169 3315 284 3378 interea
305 3335 390 3379 soror
411 3317 486 3380 alma
508 3328 607 3382 mouet
624 3319 785 3383 succedere
806 3319 902 3380 Lauso

128 3397 271 3471 Turnum,
294 3404 345 3480 qui
364 3401 475 3463 volucri
498 3420 588 3464 curru
609 3405 738 3466 medium
759 3411 838 3466 secat
863 3420 978 3482 agmen.
1094 3417 1142 3475 sou

129 3492 161 3543 ut
181 3484 251 3545 ridit
270 3487 374 3557 socios,
398 3491 531 3564 ‘tempus
553 3488 694 3550 desistere
711 3506 842 3567 pugnae:
