2512 4096
190 281 254 344 244
518 289 660 338 vnaonn
679 289 804 339 anunm
821 291 884 338 v1u

184 447 289 531 pocula
311 448 522 525 gramineoque
543 445 622 506 viros
638 444 716 507 locat
733 447 797 525 ipse
818 444 901 507 sedili

183 532 435 613 praecipuumque
453 537 519 590 toro
542 534 572 592 et
591 527 685 591 villosi
702 528 780 608 pelle
801 529 894 592 leonis

184 617 289 695 accipit
309 616 428 679 Aenean
449 612 581 694 solioque
603 615 702 675 invitat
722 630 842 676 acerno.

184 710 246 762 tum
268 700 338 762 lecti
354 701 474 762 iuvenes
497 699 630 760 certatim
652 715 778 777 araeque
800 698 938 759 sacerdos

183 783 295 845 viscera
316 790 393 845 tosta
412 784 512 845 ferunt
533 789 686 844 taurorum
705 788 888 862 onerantque
911 783 1049 843 canlsuls
1174 795 1220 848 lto

184 867 260 929 dona
282 868 432 930 laboratae
455 868 570 930 Cereris
592 865 801 946 Bacchumque
823 866 1000 927 ministrant.

184 953 310 1014 vescitur
328 952 443 1014 Aeneas
462 950 550 1012 simul
572 958 600 1012 et
621 951 748 1012 Troiana
770 951 905 1012 iuventus

183 1038 319 1116 perpetui
340 1043 426 1114 tergo
448 1034 531 1096 bovle
554 1042 583 1096 et
602 1032 773 1095 lustralibus
795 1036 878 1096 extis.

225 1119 386 1200 Postquam
409 1116 545 1198 exempta
566 1119 659 1179 lanies
677 1126 708 1180 et
720 1136 803 1179 amor
822 1135 1010 1199 compressus
1033 1120 1155 1192 edendi,

177 1221 236 1264 rex
258 1203 414 1266 Euandrus
437 1204 492 1265 ait:
516 1211 591 1263 ‘non
612 1203 686 1264 baec
706 1202 858 1264 sollemnia
875 1202 969 1273 nobis,
1172 1215 1218 1266 185

184 1285 238 1348 has
261 1305 297 1348 ex
318 1305 403 1349 more
424 1286 524 1366 dapes,
548 1287 624 1348 banc
646 1288 718 1347 tanti
738 1288 867 1347 numinis
888 1304 969 1347 aram

183 1387 257 1432 vana
280 1372 449 1450 superstitio
465 1378 655 1451 veterumque
676 1373 776 1450 ignara
799 1371 922 1432 deorum
1012 1367 1015 1373 ’

182 1453 329 1533 inposuit:
350 1458 452 1524 saevis,
475 1455 585 1535 hospes
607 1455 741 1524 Troiane,
765 1453 884 1533 periclis

184 1538 292 1598 servati
311 1538 435 1600 facimus
457 1541 637 1620 meritosque
659 1557 799 1600 novamus
815 1538 954 1600 honores.

182 1623 241 1682 iam
261 1623 390 1700 primum
412 1623 489 1682 saxis
509 1640 682 1701 suspensam
701 1622 778 1683 banc
799 1624 896 1700 aspice
914 1641 1030 1702 rupem,

183 1704 321 1766 disiectae
341 1705 447 1786 procul
466 1713 498 1766 ut
518 1704 611 1766 moles
633 1706 807 1783 desertaque
825 1708 932 1768 montis

183 1795 241 1848 stat
259 1788 364 1851 domus
383 1794 413 1850 et
433 1785 548 1868 scopuli
568 1789 717 1866 ingentem
738 1795 856 1849 traxere
878 1791 1004 1853 ruinam.

182 1872 231 1933 hic
248 1871 389 1952 spelunca
409 1872 474 1943 nnc,
497 1879 577 1934 vasto
599 1878 743 1932 summota
765 1888 896 1943 recessu,

181 1956 381 2020 semihominis
405 1956 473 2019 (laci
492 1957 583 2018 facies
603 1973 692 2036 11111111
710 1955 774 2017 dira
793 1955 921 2028 tenebat,

183 2040 252 2102 solis
274 2043 454 2104 inaccessam
476 2040 581 2109 radlis;
604 2057 781 2118 semperque
801 2043 915 2103 recenti

184 2124 274 2187 caede
296 2125 417 2204 tepebat
437 2125 553 2196 humus,
576 2123 749 2204 lenibusque
774 2123 868 2185 adfixa
889 2125 1024 2206 superbis

187 2220 235 2270 ora
256 2210 353 2271 virum
374 2211 452 2272 tristi
473 2208 641 2288 pendebant
664 2207 808 2288 squallida
829 2206 908 2269 tabo.

58 2312 61 2316 ·
183 2293 252 2354 huic
272 2300 405 2355 monstro
427 2293 573 2356 Volcanus
595 2302 659 2355 erat
681 2301 780 2371 pater:
802 2291 880 2353 illlus
899 2300 978 2352 atros

183 2392 234 2437 ore
257 2393 377 2439 vomens
398 2379 475 2455 ignis
497 2386 603 2455 magna
625 2396 658 2439 se
680 2375 757 2456 mole
779 2375 902 2438 ferebat.

184 2459 279 2519 attulit
301 2468 331 2521 et
350 2460 436 2522 nobis
454 2459 610 2540 aliquando
634 2459 802 2540 optantibus
823 2467 904 2521 aetas

183 2541 323 2604 auxilium
346 2543 561 2623 adventumque
583 2545 640 2607 dei.
679 2560 749 2605 nam
769 2545 914 2605 maximus
937 2543 1024 2619 ultor,

183 2627 340 2705 tergemini
360 2645 434 2688 nece
454 2629 607 2706 Geryonae
629 2626 791 2706 spoliisque
811 2627 967 2706 superbus,

171 2709 297 2772 ‘Alcides
319 2710 420 2772 aderat
440 2717 600 2790 taurosque
621 2710 676 2772 hac
693 2711 785 2771 victor
807 2710 913 2787 agebat

182 2793 316 2871 ingentis,
336 2792 499 2872 vallemque
519 2793 610 2855 boves
632 2811 809 2872 amnemque
830 2794 979 2856 tenebant.

182 2883 211 2936 at
231 2877 317 2939 iurlls
339 2877 407 2940 Caci
427 2895 512 2940 mens
534 2879 633 2950 effera,
656 2877 766 2958 nequid
787 2879 923 2940 inausum

182 2967 232 3021 aut
255 2961 444 3024 intractatum
465 2961 620 3025 scelerisve
640 2961 735 3025 dolive
757 2963 868 3035 luisset,

182 3052 319 3122 quattuor
341 3065 357 3108 a
374 3045 497 3109 stabulis
515 3049 677 3128 praestanti
698 3065 824 3128 corpore
845 3054 947 3111 tauros

181 3130 295 3200 avertit,
317 3131 439 3194 totidem
462 3131 557 3194 lorma
579 3139 738 3213 superante
759 3133 916 3203 iuvencam

181 3216 269 3290 atque
289 3214 353 3287 bos,
374 3232 471 3296 nequa
492 3216 590 3278 lorent
611 3214 736 3296 pedibus
757 3217 880 3293 vestigia
901 3219 999 3287 rectis,

182 3295 274 3357 cauda
295 3296 326 3357 in
348 3297 519 3378 speluncam
540 3305 649 3360 tractos
668 3301 819 3378 versisque
841 3302 954 3363 viarum

180 3377 296 3439 indiciis
317 3389 420 3462 raptor
438 3401 508 3444 saxo
529 3381 696 3444 occultabat
712 3400 822 3461 opaco:

181 3468 335 3542 quaerenti
356 3464 435 3527 nulla
457 3466 493 3527 ad
516 3465 687 3545 speluncam
709 3467 792 3545 signa
812 3469 956 3532 terebant.

180 3546 301 3620 interea,
327 3568 395 3612 cum
415 3551 474 3612 lam
495 3548 615 3613 stabulis
636 3556 764 3612 saturata
786 3560 919 3618 moveret
