2512 4096
188 245 251 308 290
526 253 672 303 vnnerm
687 253 814 303 inuste
832 255 856 301 x

188 412 218 472 ni
241 411 362 471 fratrum
384 413 487 489 stipata
511 408 620 472 cohors
642 411 719 471 iuret
740 410 834 481 obvia,
857 408 967 471 Phorci

186 495 353 575 progenies,
376 501 491 572 septem
512 511 656 556 numero:
678 502 859 574 septenaque
882 492 938 554 tela

188 579 346 648 coniciunt,
369 579 474 654 partim
497 575 582 656 galea
602 578 757 658 ehpeoqne
779 577 923 639 resultant

187 662 283 733 inrita,
308 659 426 722 detlexit
444 663 554 739 partim
571 664 741 740 stringentia
765 680 873 740 corpus

188 745 263 806 alma
285 743 392 806 Venus.
426 745 519 809 ddum
538 748 652 809 Aeneas
673 747 789 808 adfatur
808 745 959 807 Achaten:

188 839 329 907 ‘suggere
350 829 409 890 tela
429 829 520 892 mihi:
545 848 604 892 non
623 831 715 892 ullum
738 831 859 892 dextera
882 828 994 891 frustra

188 915 307 974 torserit
323 914 353 974 in
374 911 509 986 Rutulos,
533 922 676 977 steterunt
697 933 773 993 quae
794 916 824 974 in
846 931 974 992 corpore
995 914 1126 977 Graium

188 996 282 1058 lllacis
305 996 437 1080 campis?
469 1007 532 1061 tum
554 1016 691 1078 magnam
716 999 839 1077 corripit
862 997 977 1059 hastam
1169 1006 1219 1060 bill

188 1088 217 1143 et
237 1082 321 1145 iacit:
341 1081 390 1145 illa
412 1083 621 1162 rolans'clipei
643 1082 863 1143 transverberat
885 1100 954 1143 aera

190 1169 321 1229 Maeonis
345 1176 374 1229 et
393 1169 515 1229 thoraca
536 1165 624 1229 simul
646 1185 712 1228 cum
734 1173 857 1245 pectore
880 1166 1002 1243 rumpit.

190 1253 257 1315 huic
276 1252 367 1313 irater
389 1251 468 1314 subit
489 1250 617 1313 Alcanor
637 1251 819 1330 fratremque
841 1256 977 1312 ruentem

190 1343 334 1398 sustentat
353 1336 472 1397 dextra:
495 1337 616 1397 traiecto
637 1336 724 1395 missa
747 1334 857 1396 lacerto

188 1421 324 1501 protinus
342 1421 423 1481 hasta
446 1420 521 1499 lugit
541 1426 696 1499 servatque
716 1425 839 1480 cruenta
861 1423 1006 1486 tenorem,
1168 1427 1218 1478 tto

191 1504 369 1582 dexteraque
392 1523 428 1566 ex
450 1521 555 1564 umero
575 1505 672 1565 amuis
691 1502 868 1564 moribunda
891 1501 1045 1580 pependit.

190 1601 253 1649 tum
272 1587 407 1648 Numitor
427 1586 522 1648 iaculo
541 1588 641 1649 iratris
664 1587 700 1647 de
722 1604 848 1666 corpore
871 1592 956 1663 rapto

189 1674 307 1732 Aenean
329 1671 427 1749 petiit:
450 1670 501 1731 sed
524 1687 584 1731 non
607 1679 636 1732 et
657 1672 749 1749 ligere
771 1678 874 1732 contra

189 1761 234 1817 est
253 1753 373 1824 licitum,
396 1755 554 1834 magnique
575 1755 672 1816 lemur
695 1757 865 1833 perstrinxit
887 1754 1027 1814 Achatae.

189 1840 240 1900 hic
260 1837 384 1901 Curibus
405 1839 499 1920 tideus
521 1840 671 1917 primaevo
695 1857 821 1918 corpore
843 1837 965 1900 Clausus
1167 1848 1217 1901 aab

190 1923 309 1985 advenit
327 1929 356 1984 et
375 1923 470 2002 rigida
493 1923 641 2003 Dryopem
662 1922 730 1986 ierit
752 1925 865 1984 eminus
886 1922 969 1983 hasta

190 2006 245 2068 snb
269 2014 402 2069 mentum
423 2008 551 2087 graviter
571 2025 673 2087 pressa
695 2009 865 2087 pariterque
884 2007 1033 2086 loquentis

189 2109 291 2153 vocem
315 2094 502 2170 animamque
524 2093 602 2170 rapit
625 2093 747 2153 traiecto
770 2099 903 2169 gutture3
925 2097 955 2150 at
972 2089 1023 2151 ille

190 2176 287 2240 ironte
309 2174 377 2237 ierit
398 2183 509 2254 terram
531 2184 561 2239 et
583 2194 716 2238 erassum
737 2177 829 2237 vomit
850 2192 903 2237 ore
924 2191 1075 2237 cruorem.

191 2267 250 2322 tres
273 2278 390 2341 quoque
405 2257 576 2324 Thraeicius
589 2261 704 2323 boreae
727 2261 764 2322 de
785 2266 872 2338 gente
894 2275 1034 2337 suprema
1164 2267 1214 2319 ebo

190 2352 217 2405 et
239 2345 301 2417 tris,
327 2362 402 2424 quos
422 2344 489 2406 ldas
509 2351 594 2424 pater
616 2351 645 2406 et
666 2345 762 2423 patria
783 2344 894 2405 ismara
912 2343 1008 2413 mittit,

189 2447 242 2507 per
262 2429 360 2490 varios
383 2429 487 2490 sternit
507 2447 601 2490 casus.
636 2429 765 2489 accurrit
782 2428 925 2490 Halaesus

187 2513 402 2591 Auruncaeque
424 2529 537 2585 manus,
559 2511 638 2575 subit
660 2521 688 2573 et
708 2512 855 2591 Neptunia
876 2510 986 2591 proles,

191 2598 314 2676 insignis
332 2597 483 2676 Messapus
505 2597 598 2674 equis.
629 2593 777 2673 expellere
798 2596 923 2656 tendunt

191 2699 270 2742 nunc
293 2681 332 2750 hi,
352 2696 434 2740 nune
451 2678 507 2746 illi:
530 2685 660 2739 certatur
682 2677 783 2739 limine
804 2680 836 2738 in
858 2681 922 2757 ipso
1158 2687 1211 2737 son

189 2765 344 2825 Ausoniae.
378 2780 485 2840 magno
508 2761 659 2824 discordes
680 2761 800 2823 aethere
821 2763 900 2823 venti

189 2846 300 2927 proelia
321 2863 375 2907 ceu
393 2845 499 2906 tollunt
518 2845 622 2906 animis
641 2853 670 2908 et
691 2845 802 2908 viribus
823 2847 925 2926 aequis

190 2933 259 3011 (non
282 2931 338 3010 ipsi
358 2931 436 2991 inter
456 2948 497 2999 se,
520 2947 580 2990 non
601 2930 710 3002 nubila,
732 2949 792 2992 non
813 2949 896 2993 mare
920 2930 1013 2998 cedit:

190 3033 298 3095 anceps
318 3031 417 3092 pugna
437 3014 497 3083 diu,
521 3021 599 3075 stant
621 3017 728 3078 obnixa
748 3017 845 3077 omnia
867 3013 997 3093 contral:

189 3099 260 3160 haut
281 3097 365 3159 aliter
382 3098 527 3160 lhoianae
546 3100 623 3161 acies
642 3101 778 3180 aciesque
797 3100 917 3162 Latinae
1162 3102 1211 3156 scd

190 3189 386 3251 concurrunt:
409 3183 513 3244 haeret
532 3184 610 3263 pede
630 3203 685 3264 pes
705 3184 872 3263 densusque
891 3183 954 3243 viro
976 3182 1029 3243 vir.

231 3268 268 3327 At
289 3274 373 3346 parte
396 3267 517 3339 exalia,
541 3286 599 3347 qua
619 3286 689 3329 saxa
710 3269 835 3328 rotantia
855 3266 914 3328 late

190 3351 335 3431 inpulerat
354 3359 471 3414 torrens
490 3351 668 3430 arbustaque
691 3351 785 3411 diruta
808 3351 888 3428 ripis,

190 3437 318 3498 Arcadas
336 3436 467 3499 insuetos
490 3435 567 3495 acies
588 3433 699 3496 inlerre
719 3433 865 3513 pedestris

192 3529 222 3582 ut
243 3521 312 3583 vidit
332 3519 427 3582 Pallas
446 3519 528 3580 Latio
550 3517 621 3581 dare
643 3527 726 3599 terga
748 3520 866 3597 sequaci
