2512 4096
414 275 558 323 vnreorm
578 277 703 326 anunm
728 277 776 324 vn
1032 265 1093 326 tlt
1127 290 1131 297 ·

88 431 151 508 ipse
173 428 322 491 ferebatur
343 429 462 490 Phoebo
484 447 615 490 sacrasse
637 430 755 491 Latinus

87 513 298 591 Laurentisque
318 511 354 572 ab
375 530 408 573 ea
428 530 536 573 nomen
558 514 690 590 posuisse
711 513 830 574 colonis.

86 597 172 657 huius
193 613 263 675 apes
283 613 429 657 summum
452 596 559 656 densae
579 595 722 674 (mirabile
742 597 839 674 dictu),
957 660 961 668 ,

86 678 213 740 stridore
234 680 343 757 ingenti
361 676 502 756 liquidum
522 685 603 740 trans
626 679 744 740 aethera
764 689 871 750 vectae,
1060 685 1093 736 to

86 762 229 823 obsedere
249 763 370 839 apicem,
395 769 423 821 et
444 761 567 839 pedibus
588 780 642 840 per
663 770 764 823 mutua
781 763 864 822 nexis

85 863 208 932 examen
229 845 358 907 subitum
375 862 458 904 ramo
480 844 635 906 frondente
655 846 802 924 pependit.

85 929 224 989 continno
245 935 324 990 vates
347 935 517 989 ‘externum
539 931 699 990 cernimus'
721 931 816 1008 inquit

85 1013 257 1073 ‘adventare
276 1011 371 1072 virum
391 1019 419 1071 et
437 1013 528 1088 partis
541 1019 650 1090 petere
671 1030 775 1090 agmen
795 1013 912 1073 easdem

85 1093 217 1172 partibus
237 1113 273 1156 ex
294 1094 387 1155 isdem
408 1103 438 1155 et
456 1112 570 1156 summa
593 1095 770 1156 dominarier
790 1096 878 1156 arce?

85 1184 248 1254 praeterea,
269 1179 354 1238 castis
376 1176 472 1238 adolet
494 1179 563 1239 dum
585 1178 686 1239 altaria
705 1178 796 1239 taedis

86 1269 115 1322 et
133 1261 213 1321 iuxta
232 1261 393 1337 genitorem
415 1259 509 1320 adstat
530 1260 647 1322 Lavinia
670 1263 761 1336 virgo,

86 1346 146 1404 risa
168 1343 268 1419 (nefas)
293 1341 386 1419 longis
408 1343 620 1420 comprendere
642 1344 772 1404 crinibus
794 1346 900 1421 ignem,

86 1423 204 1510 *latque
220 1442 338 1486 omnem
355 1433 491 1487 ornatum
511 1425 628 1487 llamrna
648 1428 808 1504 crepitante
828 1422 968 1506 cremari]

87 1509 252 1589 rega'hsque
271 1527 394 1570 accensa
418 1526 524 1578 comas,
550 1527 673 1571 aceensa
698 1527 837 1572 coronam

87 1595 230 1671 insignem
252 1593 383 1673 gemmis,
406 1603 468 1654 tum
490 1591 599 1654 tumida
620 1592 731 1654 lumine
751 1594 830 1656 iulvo

87 1675 193 1737 involvi
214 1695 248 1738 ac
269 1678 338 1737 totis
358 1676 517 1738 Volcanum
539 1694 679 1755 spargere
700 1679 792 1741 tectis.
903 1739 921 1753 .-

86 1761 115 1821 id
137 1778 206 1822 vero
228 1760 409 1822 horrendum
433 1778 468 1821 ac
488 1761 551 1820 risu
572 1760 707 1823 mirabile
728 1762 813 1824 ferri:

86 1862 211 1924 namque
232 1844 296 1905 iore
316 1842 468 1905 inlustrem
487 1844 564 1904 fama
584 1843 709 1921 latisque
731 1844 876 1906 canebant

86 1929 187 2005 ipsam,
213 1928 265 1989 sed
284 1926 393 2006 populo
413 1945 552 2004 magnum
571 1927 747 2004 portendere
767 1926 887 1987 belnum.

87 2021 116 2071 at
134 2029 186 2070 rex
207 2009 347 2070 sollicitus
372 2013 510 2069 monstris
529 2008 647 2070 oracula
668 2010 769 2077 Fauni,

88 2091 194 2153 iatidici
216 2094 365 2169 genitoris,
391 2091 449 2151 adit
470 2090 610 2169 lucosque
630 2091 685 2151 sub
705 2091 761 2150 alta

89 2173 213 2236 consulit
233 2174 374 2243 Albunea,
395 2191 549 2234 nemorum
571 2190 645 2250 quae
662 2175 787 2233 maxima
809 2189 894 2232 sacro

88 2259 167 2319 tonte
187 2263 270 2318 sonat
291 2273 465 2333 saemmque
484 2253 598 2316 exhalat
619 2274 710 2332 opaca
732 2256 892 2333 mephitim.

88 2343 156 2402 hinc
176 2340 264 2402 ltalae
286 2347 387 2418 gentes
409 2338 561 2416 omnisque
583 2337 720 2400 Oenotria
746 2338 831 2400 tellus

88 2427 118 2485 in
139 2425 235 2486 dubiis
257 2440 398 2500 responsa
418 2429 535 2500 petunt;
559 2420 618 2483 huc
637 2422 713 2483 dona
733 2423 870 2484 sacerdos

88 2527 155 2569 eum
177 2507 242 2569 tulit
264 2515 293 2568 et
314 2524 466 2569 caesarum
489 2505 584 2566 ovium
604 2506 659 2566 sub
681 2514 767 2567 nocte
787 2505 883 2567 silenti

89 2591 213 2669 pellibus
232 2590 364 2652 incubuit
385 2591 482 2652 stratis
501 2608 679 2667 somnosque
700 2591 809 2667 petivit,

90 2673 178 2737 multa
200 2675 294 2737 modis
312 2674 468 2736 simulacra
487 2673 564 2735 videt
585 2672 729 2734 volitantia
753 2675 835 2734 miris

88 2767 119 2821 et
136 2761 230 2819 varias
248 2759 329 2821 audit
348 2775 434 2820 voces
456 2758 622 2837 fruiturque
644 2757 768 2818 deorum

89 2842 244 2921 conloquio
266 2849 354 2920 atque
372 2843 439 2902 imis
460 2840 624 2901 Acheronta
645 2841 758 2902 adlatur
779 2840 909 2900 hvernis.

90 2929 138 2985 hic
161 2934 189 2984 et
209 2933 271 2984 tum
290 2933 374 3002 pater
395 2925 458 3000 ipse
478 2933 581 3002 petens
602 2940 743 3001 responsa
764 2923 884 2983 Latinus

93 3015 211 3069 centum
232 3005 377 3084 lanigeras
396 3004 541 3066 mactabat
557 3008 613 3066 rite
633 3005 759 3066 bidentis

90 3098 177 3169 atque
196 3091 300 3151 harum
320 3086 435 3151 effultus
456 3096 539 3167 tergo
561 3090 717 3166 stratisque
734 3088 848 3150 iacebat

89 3173 261 3236 velleribus:
282 3172 377 3234 subita
400 3192 435 3234 ex
457 3171 514 3232 alto
536 3191 592 3233 vor
613 3172 727 3234 reddita
745 3171 812 3233 luco
834 3179 877 3232 est

91 3268 144 3319 ‘ne
164 3265 232 3337 pete
253 3257 384 3319 conubiis
403 3264 501 3317 natam
523 3257 634 3318 sociare
651 3256 769 3326 Latinls,

90 3362 109 3403 o
132 3360 196 3402 mea
216 3342 382 3420 progenies,
402 3339 537 3401 thalamis
559 3338 617 3403 neu
640 3339 727 3401 crede
747 3339 873 3420 paratis:

90 3425 203 3486 externi
223 3425 340 3485 venient
357 3425 466 3501 generi,
488 3426 539 3503 qui
560 3425 702 3502 sanguine
725 3432 858 3486 nostrum

90 3525 199 3570 nomen
220 3510 251 3568 in
273 3514 351 3569 astra
370 3506 465 3569 ierant
485 3525 668 3588 quorumque
690 3525 706 3570 a
727 3508 818 3589 stirpe
838 3514 960 3586 nepotes
