2512 4096
296 366 297 370 Ἰ
377 347 380 351 ,
421 292 565 339 veneno
587 290 789 339 anonercou
811 291 838 340 11
892 340 896 347 ,
1091 278 1132 339 45

126 453 207 509 creta
228 454 338 525 negant
359 444 429 507 alios
451 464 543 524 aeque
566 444 752 522 serpentibus
774 460 861 520 agros
1082 453 1133 507 tib

125 530 241 592 dulcem
263 531 342 592 ferre
364 529 460 590 cibum
483 537 512 590 et
533 547 638 590 curvas
659 526 803 606 praebere
823 526 960 588 latebras.

125 633 200 694 quae
222 621 339 675 tenuem
362 613 477 674 exhalat
497 611 635 673 nebulam
657 612 812 690 fumosque
837 608 973 680 volucris,

124 707 154 758 et
174 697 248 758 bibit
269 715 403 758 umorem
426 704 468 765 et,
493 715 560 757 cum
581 695 656 763 volt,
680 714 715 756 ex
738 713 770 755 se
792 696 854 771 ipsa
877 695 1005 764 remittit,

124 799 257 860 quaeque
279 799 332 841 suo
355 797 471 857 semper
493 780 577 840 viridi
599 797 630 841 se
652 780 784 857 gramine
805 778 898 847 vestit,

123 883 179 925 nec
201 864 300 924 scabie
323 873 352 925 et
374 862 449 923 salsa
471 862 558 924 laedit
579 862 712 939 robigine
735 862 863 922 ferrum:
929 872 937 887 ·
1080 870 1132 923 220

122 946 171 1007 illa
194 948 244 1008 tibi
267 946 349 1008 laetis
370 948 479 1007 intexet
499 946 605 1007 vitibus
626 944 731 1015 ulmos,

104 1029 171 1091 'illa
193 1031 275 1092 ferax
297 1029 403 1098 oleost,
425 1028 503 1090 illam
525 1031 676 1107 experiere
699 1028 822 1090 colendo

124 1121 153 1172 et
174 1113 289 1174 facilem
311 1115 411 1191 pecori
433 1121 462 1173 et
483 1109 641 1190 patiente'm
662 1114 790 1173 vomeris
812 1114 890 1173 unci.

123 1194 212 1256 talem
234 1197 313 1256 dives
334 1203 398 1256 arat
417 1196 514 1274 Capua
537 1204 566 1257 et
586 1199 678 1257 vicina
700 1197 830 1256 Vesaevo

125 1297 177 1338 ora
199 1280 267 1356 iugo
290 1286 318 1339 et
340 1280 438 1338 vacuis
460 1278 577 1340 Clanius
597 1298 657 1340 non
679 1297 789 1358 aequos
811 1279 936 1339 Acerris.
1080 1288 1131 1342 ibo

166 1361 252 1422 Nunc
274 1380 332 1440 quo
355 1380 501 1440 quamque
523 1364 610 1423 modo
632 1365 726 1440 possis
749 1378 928 1439 cognoscere
950 1362 1053 1422 dicam.

123 1464 191 1506 rara
215 1447 252 1507 sit
273 1464 310 1506 an
333 1463 422 1522 supra
445 1463 557 1507 morem
580 1448 603 1506 si
626 1447 715 1507 densa
737 1446 872 1523 requires

125 1528 226 1608 (altera
249 1529 404 1590 frumentis
426 1531 563 1607 quoniam
585 1529 675 1598 favet,
698 1528 789 1590 altera
811 1527 936 1598 Baccho,

123 1613 214 1689 densa
237 1615 329 1690 magis
352 1612 466 1682 Cereri,
490 1615 638 1673 rarissima
661 1631 793 1691 quaeque
815 1611 932 1691 Lyaeo),

122 1703 190 1757 ante
211 1696 308 1757 locum
332 1697 428 1773 capies
450 1695 541 1756 oculis
561 1695 675 1774 alteque
690 1695 805 1757 iubebis
1079 1706 1131 1761 230

122 1782 152 1840 in
174 1780 266 1840 solido
288 1788 409 1858 puteum
431 1780 542 1839 demitti
563 1798 738 1858 omnemque
760 1796 887 1856 repones

122 1881 210 1923 rusus
232 1865 354 1923 humum
377 1862 550 1940 etpedibus
572 1881 701 1923 summas
722 1862 861 1941 aequabis
882 1861 1017 1930 barenas.

123 1949 147 2005 si
170 1947 290 2016 derunt,
313 1963 414 2006 rarum
436 1949 594 2025 pecorique
617 1955 645 2006 et
667 1945 773 2006 vitibus
796 1943 879 2005 almis

123 2031 219 2106 aptius
241 2029 316 2090 uber
339 2031 408 2096 erit;
432 2031 476 2089 sin
498 2031 528 2089 in
551 2047 603 2088 sua
625 2047 713 2105 posse
734 2027 885 2104 negabunt

123 2114 165 2172 ire
187 2112 250 2171 loca
274 2121 302 2172 et
324 2113 478 2173 scrobibus
501 2111 651 2189 superabit
672 2119 751 2171 terra
774 2110 902 2187 repletis,
1079 2119 1130 2175 235

123 2197 235 2272 spissus
256 2212 343 2270 ager:
365 2195 484 2272 glaebas
506 2196 670 2254 cunctantis
692 2210 848 2271 crassaque
869 2199 952 2270 terga

123 2283 244 2354 expecta
267 2286 296 2337 et
316 2277 418 2337 validis
439 2285 549 2336 terram
571 2277 727 2354 proscinde
748 2277 885 2337 iuvencis.

123 2360 199 2420 salsa
222 2367 319 2420 autem
339 2359 427 2420 tellus
449 2367 478 2419 et
499 2378 573 2437 quae
595 2359 767 2437 perhibetur
789 2378 896 2428 amara,

123 2443 257 2519 frugibus
279 2444 378 2503 infelix
400 2451 443 2522 (ea
465 2461 521 2503 nec
542 2446 720 2504 mansuescit
741 2444 860 2514 arando,

121 2546 178 2587 nec
202 2527 314 2587 baceho
336 2545 429 2606 genus
450 2534 500 2588 aut
521 2528 616 2604 pomis
638 2546 689 2588 sna
711 2528 829 2588 nomina
852 2531 957 2604 serrat)
1079 2536 1130 2591 240

121 2609 179 2671 tale
201 2611 280 2671 dabit
301 2613 464 2688 specimen:
488 2617 519 2671 tu
539 2613 636 2688 spisso
659 2612 764 2671 vimine
787 2610 899 2690 quallos

120 2694 244 2772 colaque
266 2693 417 2771 prelorum
439 2695 560 2755 fumosis
583 2696 684 2772 deripe
706 2696 804 2763 tectis:

121 2780 179 2838 huc
202 2794 272 2854 ager
293 2777 340 2838 ille
363 2777 457 2838 malus
480 2778 638 2856 dulcesque
660 2797 676 2837 a
699 2778 829 2839 fontibus
850 2781 945 2839 undae

121 2861 158 2921 ad
179 2860 298 2938 plenum
322 2861 485 2921 calcentur:
508 2881 582 2940 aqua
605 2861 779 2922 eluctabitur
802 2864 896 2922 omnis

121 2943 231 3005 scilicet
253 2951 282 3003 et
303 2944 430 3020 grandes
451 2944 534 3003 ibunt
556 2962 609 3021 per
631 2947 735 3004 vimina
758 2951 875 3020 guttae;

120 3035 151 3087 at
172 3044 261 3104 sapor
282 3028 421 3087 indicium
443 3026 529 3087 faciet
549 3028 735 3096 manifestus,
759 3034 788 3087 et
809 3045 860 3088 ora

120 3112 213 3172 tristia
235 3117 428 3187 temptantum
452 3129 540 3170 sensu
561 3110 710 3189 torquebit
731 3128 858 3171 amaror.

120 3196 237 3272 pinguis
259 3196 329 3254 item
352 3213 426 3273 quae
449 3196 485 3254 sit
506 3193 606 3262 tellus,
630 3195 687 3254 hoc
709 3195 834 3272 denique
857 3203 941 3273 pacto

121 3279 275 3337 discimus:
298 3278 370 3338 haut
391 3295 530 3356 umquam
553 3278 687 3339 manibus
709 3279 812 3339 iactata
834 3278 947 3348 fatiscit,

120 3358 172 3420 sed
188 3362 260 3437 picis
281 3361 310 3420 in
333 3379 445 3421 morem
468 3362 504 3422 ad
527 3363 632 3440 digitos
652 3361 787 3422 lentescit
807 3363 950 3424 habendo.

122 3444 220 3504 umida
241 3443 359 3503 maioris
380 3444 488 3506 herbas
511 3446 574 3515 alit,
597 3448 718 3525 ipsaque
739 3448 815 3507 iusto

120 3527 233 3589 laetior.
271 3545 287 3586 a
309 3528 430 3588 nimium
452 3546 490 3588 ne
512 3532 548 3590 sit
569 3530 641 3589 mihi
662 3530 764 3590 fertilis
785 3529 832 3590 illa
