2512 4096
147 248 213 309 222
473 257 615 306 vunnim
640 257 763 305 nnuma
780 258 828 305 vn

152 416 302 494 perpetuis
323 413 401 475 soliti
421 422 520 492 patres
542 412 696 473 considere
718 414 836 473 mensio.

153 500 222 577 quln
246 501 331 559 etiam
354 505 485 559 veterum
508 496 618 574 eiflgies
640 514 676 556 ex
698 496 801 556 ordine
821 513 942 555 avorum

153 581 270 657 antiqua
293 599 309 642 e
330 581 428 651 cedro,
451 580 599 658 Italusque
619 587 761 657 paterque
784 577 908 638 Sabinus

155 665 293 735 vitisator,
315 681 433 725 curvam
454 679 573 723 servans
595 661 650 722 sub
672 663 800 739 imagine
821 660 933 731 ialcern,

154 746 355 826 Saturnusque
373 764 461 808 senex
483 747 604 825 Ianique
624 745 759 805 bifrontis
774 746 869 822 imago
1109 750 1160 800 leo

153 830 293 891 vestibulo
316 826 457 901 astabant,
479 828 585 908 aliique
603 827 639 888 ab
662 827 776 905 origine
798 844 884 904 rages

153 912 312 992 hlautiaque
334 912 372 973 ob
392 914 517 991 patriam
538 910 696 990 pugnando
714 911 835 972 volnera
855 911 943 990 passi.

152 995 302 1074 multaque
323 1003 476 1074 praeterea
494 996 587 1055 sacris
607 996 638 1054 ln
658 992 792 1073 postibus
814 1012 904 1064 arma

153 1081 257 1157 captivi
277 1080 407 1159 pendent
428 1095 534 1139 currus
556 1095 720 1156 curvaeque
741 1095 861 1139 secures

153 1170 182 1224 et
203 1165 308 1224 cristae
329 1164 456 1240 capitum
475 1170 504 1222 et
520 1169 673 1241 portamm
693 1161 821 1239 ingentia
840 1160 966 1221 claustra
1111 1166 1160 1217 leo

152 1245 322 1326 spiculaque
344 1245 487 1325 clipeique
509 1252 668 1324 ereptaque
688 1251 784 1304 rostra
805 1245 922 1304 carinis.

153 1331 215 1407 ipse
238 1328 379 1398 Quirinali
400 1328 470 1390 lituo
493 1345 641 1408 parvaque
662 1328 783 1390 sedebat

153 1414 320 1473 succinctus
339 1411 441 1474 trabea
462 1410 600 1490 laevaque
620 1410 713 1474 ancile
735 1410 856 1490 gerebat

154 1495 248 1564 Picus,
272 1513 356 1556 ecum
378 1496 523 1564 domitor;
546 1513 634 1573 quem
656 1502 740 1572 capta
761 1495 897 1573 cupidine
919 1495 1044 1555 coniunx

154 1597 241 1639 aurea
261 1596 434 1657 percussum
453 1580 533 1655 virga
555 1596 730 1657 versumque
747 1579 866 1639 venenis
1112 1584 1161 1635 190

154 1662 221 1723 iecit
243 1679 325 1721 avem
345 1662 428 1723 Circe
451 1664 616 1740 sparsitque
638 1662 787 1723 coloribus
808 1660 908 1727 alass

154 1744 203 1805 tall
224 1745 302 1806 intus
322 1744 431 1824 templo
453 1745 549 1805 divom
565 1747 719 1825 patriaque
740 1745 859 1805 Latinus
898 1748 901 1753 '
922 1741 935 1759 ⁸

154 1827 223 1890 aede
239 1827 344 1889 sedens
364 1828 495 1889 Teucros
516 1829 553 1889 ad
572 1847 637 1889 sese
658 1830 688 1889 in
707 1835 784 1889 tecta
803 1831 923 1897 vocavit,

154 1918 241 1990 atque
258 1912 331 1973 haec
348 1912 489 1990 ingressis
509 1912 623 1990 placido
643 1913 726 1990 prior
747 1911 837 1973 edidit
858 1930 926 1971 ore:

196 1994 310 2065 ‘Dicite
333 1994 516 2056 Dardanidae
533 1997 639 2075 (neque
661 1996 738 2056 enim
757 1995 904 2056 nescimus
926 2003 954 2054 et
976 1992 1080 2054 urbem
1111 2001 1162 2051 lou

154 2085 183 2139 et
201 2096 303 2157 genus,
327 2079 475 2158 auditique
490 2080 637 2141 advertitis
658 2096 787 2158 aequore
809 2079 947 2157 cursum),

154 2162 223 2241 quid
243 2162 359 2241 petitis!
381 2178 456 2240 quae
479 2181 566 2224 causa
588 2172 666 2224 rates
686 2171 735 2223 aut
757 2163 839 2224 cuius
861 2161 970 2239 egentis

154 2243 220 2304 litus
241 2246 279 2305 ad
298 2245 458 2306 Ausonium
479 2255 523 2307 tet
546 2265 599 2326 per
618 2248 691 2307 vada
712 2244 830 2307 caerula
850 2245 945 2304 veriti

154 2328 213 2388 sive
231 2345 334 2388 errore
353 2331 415 2390 viae
437 2349 489 2392 seu
511 2330 731 2408 tempestatibus
753 2331 809 2390 acti

156 2409 260 2489 (qualia
281 2410 371 2472 multa
392 2416 466 2473 mari
484 2421 591 2474 nautae
612 2416 761 2492 patiuntur
782 2415 814 2473 in
835 2411 902 2490 alto)
1110 2411 1164 2466 ²00

155 2492 282 2554 llunilnis
300 2495 428 2555 intrastis
446 2498 525 2575 ripas
547 2506 693 2576 portuque
713 2497 829 2564 sedetis,

154 2593 192 2638 ne
210 2576 301 2653 fugite
322 2578 479 2656 hospitium
498 2597 571 2640 neve
592 2582 724 2656 ignorate
745 2579 861 2639 Latinos
878 2639 880 2645 ,

155 2659 273 2721 Saturni
294 2668 419 2738 gentem,
441 2662 513 2721 haut
531 2662 625 2721 vinclo
648 2679 703 2722 nec
721 2660 835 2739 legibus
858 2679 990 2739 aequam,

155 2750 259 2821 sponte
280 2761 332 2804 sua
348 2745 512 2822 veterisque
533 2744 580 2804 dei
601 2762 633 2805 se
652 2762 736 2805 more
758 2752 914 2805 tenentem.

155 2833 242 2906 atque
260 2826 395 2903 equidem
415 2829 535 2888 memini
554 2826 640 2906 (fama
657 2834 701 2888 est
719 2828 871 2888 obscurior
890 2830 984 2903 annis)
1111 2834 1162 2884 roo

154 2910 308 2970 Amuncos
329 2911 368 2971 ita
389 2910 467 2972 ferre
490 2928 583 2981 senes,
605 2911 650 2972 his
672 2919 754 2973 ortus
774 2919 806 2971 ut
826 2914 904 2990 agris

155 2991 307 3054 Dardanus
327 2993 428 3054 ldaeas
444 2994 587 3075 Phrygiae
608 2996 770 3073 penetravit
791 2995 829 3056 ad
846 2996 935 3057 urbes

154 3073 395 3154 Thraeiciamque
413 3078 540 3150 Samum,
564 3097 639 3158 quae
660 3096 739 3140 nunc
760 3079 958 3140 Samothracia
981 3077 1083 3138 fertur.

155 3158 223 3219 hinc
242 3158 333 3222 illum.
355 3159 472 3239 Corythi
493 3161 645 3240 Tyrrhena
664 3162 700 3222 ab
723 3163 791 3231 sede
824 3163 1000 3241 proiectum,

155 3258 244 3303 aurea
266 3259 345 3303 nunc
367 3243 440 3304 solio
462 3244 603 3305 stellantis
623 3247 704 3321 regia
727 3245 799 3305 caeli
1111 3249 1163 3301 210

156 3325 262 3403 accipit
286 3333 314 3386 et
331 3342 488 3388 numerum
511 3327 644 3387 divorum
666 3326 804 3388 altaribus
827 3327 931 3406 auget!

197 3408 323 3479 Dixerat,
346 3417 375 3470 et
393 3410 469 3470 dieta
491 3409 616 3471 Ilioneus
640 3411 682 3471 sic
701 3429 772 3470 voce
793 3420 924 3472 secutus:

172 3509 234 3562 rex,
255 3509 347 3570 genus
370 3494 519 3572 egregium
542 3493 644 3563 Fauni,
667 3511 722 3555 nec
741 3492 876 3555 lluctibus
898 3503 978 3555 actos
