2512 4096
158 274 220 340 388
477 288 507 335 r.
530 284 674 334 vnacrm
696 283 850 334 utacum

653 472 686 532 V.

159 590 259 650 lacere
281 607 344 660 me,
367 589 445 667 quod
468 588 525 650 alta
547 607 607 649 non
628 589 755 668 possim,
778 592 869 665 putas,

200 680 233 735 ut
254 679 322 734 ante
343 673 453 734 vectari
473 673 549 734 freta

159 774 215 818 nec
237 757 317 817 lcrre
339 754 446 817 durum
468 756 562 834 lrigus
584 762 634 815 aut
655 761 768 816 aestum
790 753 850 832 pati

200 858 297 919 neque
319 858 400 901 arma
422 841 541 900 lictoris
561 840 654 917 sequi.

158 922 269 999 valent,
292 922 389 983 valent
410 924 483 984 mihi
504 926 549 983 ira
571 928 601 982 et
622 923 735 982 anticus
757 920 839 981 luror

202 1014 231 1067 ct
252 1006 366 1085 lingua,
389 1025 446 1086 qua
469 1006 564 1067 dicam
585 1005 640 1067 tihi

160 1095 232 1170 ‘per
253 1092 427 1168 prostitutae
440 1092 535 1170 'turpe
557 1088 785 1151 contubernium

201 1174 328 1244 sororis,
352 1193 370 1234 o
392 1173 462 1254 quid
484 1192 532 1234 me
553 1175 666 1242 incitas,

159 1258 245 1338 quid,
267 1257 406 1336 inpudice
429 1265 458 1318 et
478 1257 662 1337 inprobanda
685 1254 819 1318 Caesarii

202 1359 254 1401 seu
276 1340 353 1401 lurta
377 1340 512 1402 dicantur
533 1349 583 1401 tua

161 1430 191 1484 et
211 1422 330 1485 heluato
353 1442 419 1485 sera
440 1425 618 1504 patrimonio

201 1509 233 1566 in
254 1507 346 1568 fratre
368 1509 547 1586 parsimonia

160 1589 207 1650 vel
229 1596 293 1649 acta
314 1608 408 1668 puero
430 1609 498 1653 cum
520 1591 591 1650 viris
612 1590 743 1649 convivia

203 1672 337 1752 udaeque
358 1692 413 1753 per
434 1691 570 1735 somnum
592 1680 676 1732 nates

162 1763 191 1817 ct
212 1757 306 1817 inscio
328 1764 452 1836 repente
474 1757 630 1818 clamatum
652 1757 775 1835 insuper

205 1839 356 1910 thalassio,
381 1839 527 1902 thalassio.

162 1923 231 2004 quid
253 1921 398 2004 polluisti,
421 1924 549 1985 feminal
571 1941 609 1989 aa
631 1924 688 1983 ioci
711 1921 829 1983 dolent?

204 2025 241 2067 an
264 2007 340 2068 lacta
362 2011 516 2086 cognoscis
537 2008 600 2068 tual

161 2109 222 2152 non
245 2109 292 2152 mc
314 2090 431 2152 vocabis
453 2109 559 2170 spurca
580 2108 636 2170 per
658 2091 782 2168 Cotyttia

205 2174 241 2235 ad
263 2174 384 2235 leriatos
404 2174 540 2245 fascinos,

162 2275 218 2318 nec
239 2267 267 2318 te
293 2272 413 2317 movere
435 2253 584 2319 lumbulos
606 2259 636 2319 in
659 2260 766 2322 caltula

204 2341 321 2419 prensis
342 2338 447 2400 ridcho
469 2340 609 2402 altaribus

162 2423 327 2502 flavumque
348 2432 470 2502 propter
492 2424 635 2503 Thybrim
658 2423 772 2485 olentes
793 2423 943 2485 nauticum

204 2524 325 2576 vocare,
348 2505 400 2566 uhl
422 2507 561 2587 appulsae
582 2515 662 2569 rates

163 2596 242 2650 stant
262 2590 293 2649 in
315 2589 396 2649 vadis
418 2608 508 2650 caeno
530 2596 664 2651 retentae
685 2590 805 2651 sordido

205 2689 364 2751 macroque
383 2670 528 2733 luctantes
551 2691 640 2750 aqum

163 2773 260 2834 neque
280 2756 313 2814 in
335 2753 462 2816 culinam
485 2762 514 2816 et
534 2762 623 2816 uncta
644 2756 810 2835 compitalia

206 2838 353 2918 dapesque
376 2837 466 2899 duces
487 2838 621 2900 sordidas

164 2921 270 3002 quihus
291 2920 422 3001 repletus
444 2930 477 2984 ut
498 2921 628 2985 sahvosis
649 2921 746 2986 labris

207 3005 327 3067 obesam
349 3005 386 3066 ad
407 3025 531 3068 uxorem
552 3007 632 3068 redis

166 3096 194 3149 et
215 3096 381 3151 aestuantes
402 3096 490 3151 nocte
513 3088 600 3151 solvis
620 3092 763 3168 pantices,

207 3190 240 3231 os
262 3190 354 3251 usque
376 3172 481 3233 lambis
502 3175 616 3235 saliis’

165 3272 245 3314 nnnc
266 3253 366 3324 laede,
389 3273 468 3316 nunc
490 3255 615 3325 lacesse,
638 3255 665 3318 si
687 3256 845 3336 quidquam
868 3250 960 3316 vales!

209 3342 239 3397 et
259 3353 369 3396 nomeu
391 3338 527 3399 adscriho
550 3347 642 3400 tuum.

166 3416 290 3480 cinaede
311 3420 399 3490 Luci,
422 3439 460 3480 an
481 3429 511 3482 te
533 3421 718 3501 reliquerunt
738 3423 809 3502 opes

207 3501 342 3582 fameque
365 3506 485 3582 genuini
507 3507 645 3584 crepanti
