2504 4094
393 285 742 335 vnna1n1nnna1sxn
1003 277 1065 339 337

58 442 189 520 eripiunt
205 437 411 517 cumulantque
434 442 560 501 oneratis
581 439 713 501 lancibus
732 459 806 503 aras.
1015 451 1065 502 tlt

101 526 138 584 dt
158 541 228 584 vero
249 521 362 584 Rutulis
384 524 468 602 inpar
491 541 523 584 ea
544 540 641 601 pugna
663 520 753 584 videri

10 610 17 651 ¹
56 607 218 668 iandudum
240 613 269 666 et
288 608 368 666 vario
390 606 507 667 misceri
527 613 646 683 pectora
666 615 762 675 motu;

36 698 121 751 tum
144 691 243 766 magis,
266 697 298 750 ut
318 691 441 767 propius
460 696 584 749 cernunt
606 706 665 748 non
683 690 792 750 viribus
815 693 965 768 aequis...
981 737 988 753 .

55 773 175 834 adiuvat
196 774 312 832 incessu
331 773 419 832 tacito
440 788 615 850 progressus
638 779 666 834 et
687 791 768 832 aram

55 855 228 935 suppliciter
250 871 393 915 venerans
414 854 539 915 demisso
560 853 672 917 lumine
690 855 807 917 Turnus

55 938 247 1016 tabentesque
270 955 361 1015 genae
383 944 412 998 et
430 937 553 998 iuvenali
574 940 604 998 in
626 956 751 1017 corpore
772 938 875 1017 pabor.

55 1039 145 1100 quem
166 1020 252 1081 nmul
273 1039 308 1080 ac
329 1020 450 1081 Iuturna
475 1038 560 1082 soror
582 1021 770 1083 crebrescere
791 1022 859 1082 vidit

56 1119 225 1165 sermonem
247 1111 276 1164 et
297 1102 372 1179 volgi
411 1104 505 1164 ariare
527 1103 653 1165 labantia
674 1105 773 1175 corda,

56 1188 88 1248 in
110 1186 221 1246 medias
242 1188 328 1256 acies,
347 1187 471 1246 formam
491 1186 663 1248 adsimulata
684 1189 809 1250 Camerti

56 1269 139 1348 (quoi
156 1286 249 1346 genus
269 1288 286 1329 a
307 1271 424 1347 proavis
446 1271 549 1345 ingens
573 1269 744 1348 clarumque
762 1278 901 1349 paternae

55 1369 167 1413 nomen
189 1360 252 1412 erat
273 1352 394 1423 virtutis,
417 1359 446 1413 et
466 1353 529 1428 ipse
549 1353 710 1412 acerrimus
732 1356 847 1436 armis),

55 1437 86 1496 in
111 1435 221 1496 medias
242 1435 291 1496 dat
313 1453 378 1495 sese
401 1436 479 1495 acies
489 1433 571 1517 [baut
590 1436 688 1496 nescia
712 1443 826 1525 rerum]

54 1536 251 1596 rumoresque
273 1520 344 1578 serit
367 1518 460 1578 varios
482 1535 517 1577 ac
538 1517 605 1578 talia
627 1518 720 1579 intur:

57 1612 135 1661 ‘non
155 1602 255 1680 pudet,
278 1619 296 1660 o
314 1600 422 1669 Rutuli,
442 1617 497 1678 pro
516 1604 629 1662 cunctis
648 1601 751 1663 talibus
772 1617 859 1662 unam

56 1683 205 1745 obiectare
226 1684 372 1745 animam?
391 1701 553 1745 numerone
574 1702 610 1745 an
631 1684 740 1745 viribus
761 1691 846 1763 aequi

56 1785 116 1828 non
139 1768 259 1828 sumus?
280 1784 316 1828 en
339 1784 441 1828 omnes
461 1776 491 1828 et
511 1767 604 1829 Troes
625 1775 653 1828 et
674 1769 803 1829 Arcades
824 1768 853 1827 bi
876 1780 943 1829 sunt

56 1848 216 1929 fatalesque
235 1867 346 1920 manus,
369 1850 482 1912 intensa
503 1851 620 1912 Etruria
638 1850 756 1911 Turno:

56 1936 103 1993 vix
125 1932 248 2002 hostem,
271 1932 375 1994 alterni
397 1935 421 1993 si
443 1934 679 2008 congrediamur,
698 1933 850 1994 babemus.

56 2015 105 2076 illc
125 2015 242 2092 quidem
265 2015 301 2075 ad
323 2032 455 2093 superos,
478 2032 602 2092 quorum
624 2032 656 2074 se
675 2015 796 2076 devovet
817 2017 884 2083 aris,

57 2098 195 2158 succedet
214 2098 290 2155 lama
309 2098 446 2172 vivosque
465 2115 518 2174 per
541 2114 592 2155 ora
614 2095 742 2157 leretur:

57 2198 111 2241 nos
131 2182 223 2256 patria
247 2180 351 2238 amissa
374 2179 498 2239 dominis
519 2195 625 2256 parere
648 2179 783 2255 superbis

57 2281 206 2342 cogemur,
229 2262 278 2340 qui
300 2278 379 2321 nunc
396 2260 467 2320 lenti
488 2260 673 2321 consedimus
695 2261 790 2322 arvis!

56 2347 161 2408 talibus
184 2347 303 2404 incensa
324 2353 367 2404 est
387 2344 523 2404 iuvenum
544 2345 687 2404 sententia
708 2345 792 2406 dictis

56 2433 114 2491 iarn
134 2430 226 2505 magis
247 2434 334 2503 atque
354 2428 455 2504 magis,
477 2427 625 2505 serpitque
647 2446 700 2505 per
720 2431 834 2507 agmina
855 2446 1002 2497 murmur;

56 2513 112 2590 ipsi
134 2512 294 2571 Laurentes
314 2511 415 2570 mutati
437 2511 550 2588 ipsique
570 2511 672 2571 Latini.
1009 2521 1060 2572 240

58 2598 108 2673 qui
126 2595 181 2654 sibi
202 2595 258 2654 iarn
280 2595 411 2673 requiem
428 2611 544 2672 pugnae
563 2594 712 2672 rebusque
732 2594 854 2656 salutern

56 2677 221 2758 sperabant,
245 2695 323 2737 nunc
342 2695 423 2738 arma
442 2677 542 2738 volunt
560 2678 722 2756 foedusque
743 2686 901 2756 precantur

55 2763 195 2824 iniectum
217 2773 245 2822 et
266 2761 358 2822 Turni
378 2768 487 2822 sortem
505 2763 679 2822 miserantur
701 2763 837 2840 iniquam.

55 2847 101 2907 bis
118 2844 194 2905 aliud
216 2846 310 2907 maius
331 2845 451 2905 luturna
473 2845 603 2920 adiungit
622 2851 650 2905 et
668 2844 725 2904 alto

56 2930 107 2988 dat
128 2928 243 3002 signum
266 2925 355 2993 caelo,
379 2943 437 3001 quo
459 2942 517 2985 non
538 2928 721 3001 praesentius
742 2926 834 2986 ullum
1008 2934 1058 2984 ato

56 3010 183 3072 turbarit
203 3016 314 3068 mentes
333 3005 419 3067 Italas
438 3014 628 3083 monstroque
650 3007 759 3067 ieiellit.

56 3109 183 3170 namque
204 3090 303 3150 volans
322 3088 413 3150 rubra
436 3089 528 3149 lulvos
548 3088 623 3148 lovis
643 3087 748 3149 alesin
768 3090 868 3151 aethra

55 3177 174 3237 litoreas
195 3173 321 3251 agitabat
342 3191 409 3233 aves
427 3171 603 3250 turbamque
624 3181 776 3233 sonantem

56 3259 179 3337 agminis
201 3257 312 3334 aligeri,
334 3255 430 3316 subito
452 3274 519 3316 curn
540 3253 640 3334 lapsus
656 3256 693 3316 ad
714 3257 806 3316 undas

57 3360 180 3422 cycnum
203 3340 392 3402 excellentem
411 3339 536 3419 pedibus
554 3341 630 3418 rapit
650 3339 794 3418 inprobus
814 3341 907 3403 uncle
1006 3346 1057 3399 25⁰

56 3443 194 3488 arrexere
213 3426 326 3484 animos
347 3421 420 3493 ltall,
446 3433 626 3502 cunctaeque
646 3423 780 3486 volucres

56 3513 230 3571 convertunt
250 3506 378 3568 clamore
397 3507 495 3582 lugam
519 3507 664 3583 (mirabile
682 3509 754 3588 visu)

124 3621 259 3669 nuncu,
279 3620 391 3658 ursin.
813 3604 853 3664 22
