2512 4096
350 272 495 342 venem
515 272 640 320 aunum
663 273 698 320 VI

15 445 155 507 magnum
176 427 297 504 reginae
317 428 367 489 sed
388 429 465 488 enim
486 428 641 488 miseratus
659 444 790 489 amorem

15 509 160 573 Daedalus
176 512 238 588 ipse
260 510 342 572 dolos
364 512 432 572 tecti
455 510 651 589 ambagesque
669 508 801 580 resolvit,

17 612 104 656 caeca
125 610 233 671 regens
253 594 302 655 filo
321 596 449 672 vestigia.
494 603 526 655 tu
546 612 663 672 quoque
684 611 821 671 magnam
999 606 1035 660 30

16 685 131 756 partem
154 695 244 755 opere
265 680 411 748 intanto,
435 679 544 739 sineret
563 676 662 746 dolor,
684 677 780 747 lcare,
802 673 929 736 haberes

15 761 63 822 bis
85 769 206 822 conatus
228 769 291 822 erat
313 779 405 823 casus·
419 761 559 837 effingere
580 762 609 820 in
631 778 719 830 auro,
889 775 893 782 ·

16 843 63 905 bis
85 844 195 922 patriae
217 846 349 906 cecidere
369 861 481 904 manus.
526 845 596 923 quin
613 845 747 922 protinus
768 841 865 902 omnia

17 927 206 1009 perlegerent
228 928 333 999 oculis,
356 931 386 988 ni
408 929 465 989 iam
484 929 662 1006 praemissus
683 927 808 989 Achates

18 1010 134 1072 adlcret
153 1020 240 1091 atque
260 1031 325 1075 una·
341 1011 453 1074 Phoebi
472 1011 644 1090 Triviaeque
666 1012 817 1084 sacerdos,

16 1094 169 1173 Deiphobe
191 1093 307 1164 Glauci,
328 1096 405 1156 latur
427 1114 503 1174 quae
523 1095 590 1156 talia
606 1098 683 1173 regi:

19 1187 94 1237 ‘nou
112 1178 170 1237 hoc
187 1179 241 1238 ista
263 1179 318 1238 sibi
336 1186 451 1257 tempus
468 1179 634 1259 spectacula
653 1179 761 1259 poscit;
783 1250 786 1255 g

17 1277 100 1321 nuuc
122 1277 211 1338 grege
232 1262 268 1321 de
289 1261 397 1322 intacto
415 1269 527 1339 septem
549 1272 679 1324 mactare
700 1264 838 1322 iuvencos

18 1343 212 1422 praestiterit,
234 1345 355 1406 totidem
376 1343 466 1405 lectas
487 1346 523 1406 de
544 1364 628 1407 more
649 1343 800 1406 bidentis!

18 1425 125 1488 talibus
148 1427 242 1488 adfata
261 1429 380 1490 Aenean
400 1428 465 1508 (nec
486 1446 570 1489 sacra
592 1437 744 1491 morantur

18 1513 97 1573 iussa
118 1511 182 1592 viri)
204 1511 337 1573 Teucros
357 1519 441 1573 vocat
461 1511 518 1573 alta
540 1515 570 1572 in
591 1512 700 1591 templa
720 1514 867 1575 sacerdos.

60 1593 197 1655 Excisum
219 1595 366 1657 Euboicae
386 1595 462 1656 latus
481 1597 584 1673 ingens
605 1598 688 1675 rupis
705 1599 735 1657 in
755 1603 887 1666 antrum,

18 1695 78 1756 quo
98 1677 149 1738 lati
171 1679 281 1740 ducunt
301 1680 396 1742 aditus
418 1683 550 1751 centum,
574 1683 647 1742 ostia
669 1689 801 1751 centum;

17 1761 98 1823 unde
119 1770 209 1823 ruunt
229 1764 350 1825 totidem
372 1782 473 1834 voces,
496 1782 638 1843 responsa
660 1763 793 1845 Sibyllae.

18 1854 139 1906 ventum
163 1855 225 1907 erat
246 1848 283 1908 ad
305 1848 409 1918 limen,
433 1867 501 1909 cum
520 1850 602 1926 virgo
626 1860 764 1928 ‘poscere
778 1847 843 1907 -lata

18 1928 148 2007 tempus'
171 1932 225 1992 ait:
249 1932 353 2002 ‘deus,
377 1950 461 2002 ecce,
486 1932 584 1992 deusl'
608 1935 655 1992 cui
677 1931 744 1991 talia
766 1930 838 1989 santi

18 2020 86 2074 ante
109 2012 188 2073 iores
210 2013 307 2074 subito
323 2032 383 2074 non
401 2013 510 2084 voltus,
532 2033 591 2075 non
613 2013 804 2080 colmanus,

18 2113 79 2158 non
102 2103 237 2172 comptae
258 2114 394 2157 mansere
416 2115 534 2165 comae;
554 2096 606 2157 sed
616 2104 720 2174 pectus
742 2093 894 2165 anhelum,

18 2187 48 2243 et
70 2178 153 2240 rabie
174 2179 236 2240 iera
259 2180 349 2240 corda
369 2186 497 2248 tument;
519 2182 672 2256 maiorque
691 2178 784 2239 rideri

18 2280 75 2326 nec
98 2263 222 2324 mortale
243 2281 365 2333 sonans,
389 2262 492 2324 adllata
516 2271 560 2322 est
578 2263 697 2323 numine
720 2261 837 2340 quando

18 2349 77 2409 iam
98 2348 236 2425 propiore
256 2347 311 2408 dei.
356 2353 468 2408 ‘cessas
488 2348 518 2406 in
539 2352 604 2406 vota
624 2363 802 2425 precesque,

17 2427 109 2492 Tros'
132 2432 171 2491 ait
192 2432 323 2492 ‘deneal
341 2431 455 2492 cessas?
476 2448 573 2510 neque
596 2431 672 2490 enim
694 2436 762 2490 ante
785 2428 936 2491 dehiscent

19 2515 159 2576 attonitae
180 2533 285 2593 magna
308 2533 360 2576 ora
383 2512 512 2574 domus'
557 2522 585 2575 et
606 2513 673 2575 talia
692 2514 749 2573 lata

19 2599 167 2659 conticuit.
211 2599 322 2676 gelidus
343 2599 465 2659 Teucris
485 2615 538 2676 per
560 2598 634 2659 dura
656 2597 787 2658 cuccurrit

19 2699 86 2743 ossa
106 2689 232 2753 tremor,
254 2683 408 2761 funditque
425 2700 530 2760 preces
551 2688 743 2760 respectare
763 2679 799 2740 ab
822 2681 897 2742 imo:

20 2764 169 2836 ‘Phoebe
188 2769 284 2843 gravis
305 2767 411 2827 Troiae
432 2784 549 2843 semper
572 2767 709 2827 miserate
730 2763 860 2836 labores,

18 2848 155 2911 Dardana
177 2852 226 2927 qui
248 2850 361 2911 Paridis
380 2847 495 2910 derextt
508 2848 566 2909 tela
587 2867 750 2927 manusque

19 2949 129 3009 corpus
149 2935 179 2994 in
199 2934 358 3001 heacidae,
384 2949 506 3009 magnas
530 2932 667 2992 obeuntia
686 2941 780 2992 terras

18 3023 63 3076 tot
84 3017 176 3077 maria
195 3019 299 3078 intravi
319 3016 393 3076 duce
414 3022 443 3075 te
466 3016 641 3093 penitusque
662 3022 795 3092 repostas

17 3099 175 3177 Massylum
197 3102 291 3177 gentis
309 3105 520 3178 praetentaque
541 3098 675 3176 Syrtibus
693 3115 776 3166 arva,

18 3184 76 3245 iam
98 3184 217 3279 tandpm
237 3185 335 3245 ltaliae
356 3183 494 3262 largientis
515 3182 687 3261 prendimus
709 3197 785 3241 oras.

18 3265 77 3327 bac
97 3267 224 3326 'l'rorana
244 3275 330 3329 tenus
351 3268 439 3328 luerit
459 3267 589 3327 Fortuna
610 3272 726 3326 monta:

21 3367 72 3409 vos
93 3367 210 3428 quoque
229 3351 407 3426 Pergameae
427 3349 546 3413 lamias
567 3358 611 3410 est
631 3366 755 3427 parcere
776 3350 871 3425 genti,

21 3431 110 3510 dique
131 3433 262 3511 deaeque
281 3451 400 3512 omnes,
421 3433 528 3512 quibus
549 3432 661 3493 obstitit
680 3432 765 3495 llium
786 3438 815 3493 et
836 3433 939 3511 ingens
1022 3436 1026 3442 '

22 3514 114 3594 gloria
136 3517 307 3577 Dardaniae.
351 3522 457 3599 tuque,
479 3534 498 3575 o
517 3517 696 3594 sanctissima
716 3523 811 3583 rates,

75 3633 206 3679 araneax,
225 3631 339 3669 vanem.
790 3611 828 3672 13
