2512 4096
471 242 754 323 ruodmannum
771 277 794 323 x

125 447 257 501 somnus,
278 430 309 489 in
331 437 480 491 aeternam
502 429 676 491 clauduntur
696 429 807 493 lumina
828 442 957 494 noctem.

168 514 309 576 Caedicus
329 513 502 575 Alcathoum
522 513 686 584 obtruncat,
708 514 846 576 Sacrator
865 514 1021 596 llydaspea
1089 528 1090 531 ’

124 598 374 678 Partheniumque
395 598 478 675 Rapo
501 604 531 659 et
551 599 731 676 praedurum
750 598 860 661 viribus
879 598 983 670 Orsen,

124 683 274 759 Messapus
297 682 495 762 Croniumque
515 682 757 762 Lucaoninmque
777 683 963 754 Erichaeten,

124 764 207 826 illum
226 765 351 827 infrenis
373 768 442 845 equi
462 765 546 845 lapsu
567 764 674 827 tellure
693 770 848 838 iacentem,

125 850 204 910 hunc
225 850 364 928 peditem.
397 850 490 928 pedes
510 858 540 911 et
559 850 666 929 Lycius
683 860 871 929 processerat
891 853 969 929 Agis,

124 951 212 1013 quem
233 940 332 994 tamen
355 934 425 994 haut
447 953 554 1014 expers
570 934 692 996 Valerus
712 936 829 997 virtutis
849 937 942 997 aritae

123 1018 225 1085 deicit;
247 1024 277 1078 at
294 1017 459 1079 Thronium
480 1018 576 1080 Salius
597 1018 766 1098 Saliumque
785 1019 908 1081 Nealces

124 1101 247 1168 insidiis,
268 1101 365 1161 iaculo
387 1111 417 1163 et
435 1102 524 1181 longe
542 1102 661 1165 fallente
682 1106 795 1183 sagitta.

165 1183 227 1243 lam
246 1186 342 1262 gravis
360 1185 506 1262 aequabat
521 1186 619 1247 luctus
639 1196 669 1248 et
686 1195 786 1249 mutua
809 1187 925 1248 Mavors

123 1268 244 1328 lunera:
266 1268 427 1330 caedebant
447 1272 559 1348 pariter
579 1272 751 1350 pariterque
771 1271 899 1334 ruebant

123 1353 251 1412 victores
273 1354 409 1431 victique,
434 1371 532 1434 neque
552 1355 600 1415 his
620 1355 689 1433 iuga
710 1363 779 1416 nota
801 1373 898 1434 neque
916 1353 982 1415 illis.

123 1435 155 1496 di
174 1435 251 1497 loris
272 1436 303 1496 in
325 1439 409 1498 tectis
430 1439 505 1498 iram
524 1441 703 1500 miserantur
723 1440 841 1501 inanem

123 1518 279 1581 amborum
299 1529 328 1581 et
350 1528 446 1582 tantos
467 1521 641 1584 mortalibus
663 1541 727 1584 esse
748 1522 881 1584 labores:

123 1601 193 1663 hinc
214 1605 322 1674 Venus,
345 1605 414 1666 hinc
431 1613 534 1668 contra
551 1613 664 1685 speotat
682 1608 819 1668 Saturnia
842 1607 925 1676 luno,

122 1686 229 1765 pallida
245 1687 404 1766 Tisiphone
424 1691 520 1752 media
540 1692 618 1752 inter
638 1691 717 1753 milia
735 1693 834 1752 saevit.

123 1777 153 1832 at
172 1790 243 1832 vero
261 1772 410 1850 ingentem
432 1776 568 1856 quatiens
589 1774 749 1837 Mezentius
771 1775 886 1836 hastam

121 1854 258 1917 turbidus
278 1857 443 1934 ingreditur
463 1877 579 1938 campo.
616 1876 705 1937 quam
724 1876 850 1936 magnus
871 1859 972 1928 Orion,

122 1957 191 2000 cum
208 1940 299 2017 pedes
319 1942 430 2003 incedit
452 1944 541 2004 medii
562 1961 618 2021 per
636 1945 764 2005 maxima
784 1941 874 2003 Nerei

121 2031 224 2100 stagna
240 2024 315 2084 riam
338 2025 484 2096 scindens,
504 2044 609 2086 umero
630 2025 830 2103 supereminet
851 2026 945 2086 undas

123 2113 173 2167 aut
193 2108 314 2166 summis
334 2108 467 2168 referens
488 2126 629 2169 annosam
650 2106 800 2168 montibus
823 2125 930 2168 ornum

121 2190 346 2267 ingrediturque
365 2190 429 2251 solo
450 2200 478 2252 et
499 2200 588 2270 caput
608 2195 685 2252 inter
707 2190 808 2252 nubila
829 2192 944 2252 condit:

122 2272 188 2334 talis
209 2292 242 2333 se
259 2276 347 2335 vastis
367 2274 457 2334 infert
477 2276 639 2336 Mezentius
660 2276 760 2336 armis.

122 2358 192 2418 huic
210 2365 313 2418 contra
331 2358 454 2429 Aeneas,
476 2359 644 2438 speculatus
662 2361 694 2419 in
716 2362 833 2438 agmine
854 2360 953 2437 longo,

122 2439 225 2501 obvius
247 2443 292 2503 ire
313 2449 406 2519 parat.
441 2450 542 2503 manet
561 2445 769 2521 inperterritus
790 2443 849 2514 ille,

123 2524 239 2585 hostem
262 2527 482 2602 magnanimum
499 2529 666 2605 opperiens,
686 2534 716 2589 et
736 2528 814 2591 mole
836 2546 889 2589 sua
911 2535 983 2598 stat;

122 2617 211 2686 atque
233 2609 325 2671 oculis
345 2612 470 2689 spatium
491 2630 638 2684 emensus,
660 2619 801 2692 quantum
823 2615 893 2674 satis
913 2612 1023 2682 hastae,
1087 2616 1090 2623 '

123 2693 243 2754 ‘dextra
267 2694 338 2755 mihi
360 2694 434 2756 deus
456 2704 485 2757 et
505 2697 608 2767 telum,
631 2698 711 2776 quod
730 2698 841 2760 missile
861 2697 949 2770 libro,

121 2795 201 2839 nunc
220 2779 329 2840 adsint!
351 2797 441 2840 voveo
459 2781 619 2860 praedonis
638 2799 765 2861 corpore
784 2784 876 2861 raptis

121 2861 256 2924 indutum
278 2862 380 2941 spoliis
398 2865 495 2941 ipsum
516 2872 555 2936 te,
578 2865 682 2934 Lause,
700 2874 856 2942 tropaeum

121 2945 257 3005 Aeueae.'
289 2946 361 3004 dixit
381 2946 614 3025 stridentemque
631 2949 745 3008 eminus
765 2947 879 3008 hastam

121 3029 211 3094 iecit:
233 3034 263 3088 at
284 3026 333 3088 illa
355 3027 457 3089 volans
480 3029 603 3107 clipeost
624 3045 746 3090 excussa
767 3029 932 3110 proculque

123 3111 275 3188 egregium
296 3112 428 3174 Antoren
449 3111 525 3173 latus
546 3113 624 3172 inter
646 3118 677 3173 et
696 3111 746 3174 ilia
765 3113 836 3191 tigit

121 3193 257 3256 Herculis
278 3197 408 3258 Antoren
428 3197 575 3268 comitem,
597 3197 648 3276 qui
669 3197 776 3258 missus
797 3195 834 3258 ah
856 3197 942 3274 Argis

122 3278 259 3340 haeserat
277 3280 417 3341 Euandro
439 3286 527 3357 atque
543 3279 616 3342 Itala
636 3281 915 3343 consederaturhe.

121 3364 264 3424 sternitur
283 3363 384 3426 infelix
405 3365 500 3427 alieno
522 3364 641 3428 volnere
663 3365 836 3447 caelumque

121 3446 226 3524 aspicit
246 3458 275 3509 et
295 3448 388 3509 dulcis
409 3450 539 3510 moriens
560 3451 758 3512 reminiscitur
778 3451 883 3528 Argos.

122 3539 185 3594 tum
206 3532 273 3610 pius
292 3534 404 3593 Aeneas
425 3534 538 3594 hastam
558 3536 641 3595 iacit:
663 3533 712 3597 illa
730 3551 785 3613 per
804 3535 908 3597 orbem
