2512 4096
194 268 256 333 204
529 279 674 328 venons
695 279 821 330 sunum
843 281 880 328 vr

192 436 299 498 secreti
322 423 418 496 c'elant
438 434 526 496 calles
548 441 577 496 et
598 440 714 496 murtea
736 434 848 496 circum

71 524 76 530 '
192 517 262 581 silva
283 520 370 598 tegit3
391 536 481 581 curse
501 535 562 579 non
581 519 643 597 ipsa
667 518 697 578 in
714 527 809 580 morte
830 519 1009 598 relinquent.

193 603 239 664 his
260 603 425 664 Phaedram
446 602 641 681 Procrimque
668 604 729 663 ocis
747 610 947 682 maestamque
958 603 1130 686 Eriphylen,
1168 618 1219 675 445

192 686 320 749 crudelis
337 688 399 747 neti
419 693 634 747 monstrantem
655 686 790 756 volnera,
814 688 923 756 cernit,

191 771 415 851 Euhadnenque
436 778 466 832 et
487 770 668 848 Pasiphaen:
689 768 911 831 bis-Laodamia

190 856 213 916 it
233 873 334 918 comes
356 861 385 916 et
405 855 518 917 iuvenis
541 853 705 933 quondam,
729 873 809 916 nunc
827 855 935 916 femina
955 854 1088 918 Caeneus

190 957 295 1000 rursus
318 946 347 1001 et
368 939 399 1000 in
420 946 551 1000 veterem
571 938 631 999 fato
650 937 781 1000 revoluta
803 940 938 1017 liguram.

129 1019 171 1045 ‘
190 1024 268 1085 inter
290 1041 364 1103 quas
381 1022 544 1084 Phoenissa
562 1039 667 1084 recens
689 1041 706 1082 a
729 1022 848 1084 volnere
866 1023 939 1084 Dido
1166 1038 1218 1092 450

128 1142 167 1161 ...t
191 1106 310 1169 errabat
331 1105 401 1168 silva
422 1108 454 1168 ln
476 1123 591 1184 magna.
637 1124 726 1185 quam
747 1107 854 1168 Prolus
875 1107 964 1167 beros

189 1199 223 1253 ut
241 1193 371 1270 primum
393 1193 473 1252 iuxta
496 1192 576 1253 stetit
598 1190 794 1270 adgnovitque
810 1208 864 1269 per
885 1191 1005 1250 umbras

190 1275 363 1345 obscuram,
393 1274 510 1354 qualem
528 1275 625 1354 primo
647 1277 698 1353 qui
719 1291 842 1352 surgere
861 1292 964 1336 mense

190 1367 240 1420 aut
258 1359 337 1420 videt
359 1365 409 1420 aut
429 1360 536 1420 vidisse
558 1366 640 1438 putat
661 1377 715 1436 per
735 1357 835 1420 nubila
854 1357 969 1429 lunam,

190 1442 309 1504 demisit
328 1443 463 1504 lacrimas
482 1443 619 1523 dulcique
640 1443 755 1504 adfatus
778 1449 921 1502 amorest:
1164 1456 1216 1511 455

190 1526 304 1587 ‘infelix
328 1527 417 1596 Dido,
437 1545 525 1588 verus
547 1528 620 1588 mihi
641 1529 760 1588 nuntius
780 1543 852 1604 ergo

188 1619 310 1672 venerat
332 1611 488 1672 extinctam
511 1611 651 1689 ferroque
672 1618 804 1672 extrema
828 1612 980 1673 secutam?

190 1693 302 1755 funeris
324 1695 383 1755 heu
404 1693 457 1754 tibi
480 1712 568 1755 causa
586 1695 648 1755 fuii
668 1712 723 1772 per
737 1694 834 1755 sidera
855 1697 936 1765 iuro,

188 1797 243 1857 per
264 1796 390 1858 superos
413 1784 442 1839 ct
464 1778 547 1856 siqua
566 1778 639 1838 fides
659 1776 765 1838 tellure
786 1777 841 1840 sub
863 1781 922 1840 ima
947 1787 1005 1850 est,

188 1864 311 1933 inritus,
331 1863 449 1939 regina,
471 1868 523 1923 tuo
546 1862 582 1923 de
599 1860 687 1923 litore
703 1864 786 1923 cessi.
1162 1876 1213 1932 460

188 1946 240 2008 sed
253 1966 301 2008 me
323 1949 400 2008 iussa
423 1946 527 2017 deum,
550 1964 625 2025 quae
645 1945 726 2008 nunc
747 1946 802 2007 has
826 1949 869 2008 ire
890 1965 944 2025 per
966 1946 1102 2018 umbras,

187 2049 241 2109 per
263 2032 327 2092 loca
349 2038 431 2091 senta
453 2032 511 2092 situ
533 2038 642 2110 cogunt
662 2038 839 2110 noctemque
860 2030 1053 2109 profundam,
1155 2077 1158 2083 .

186 2116 318 2194 imperiis
340 2132 426 2194 egere
444 2118 519 2184 suis;
541 2133 598 2177 nec
620 2115 743 2178 credere
765 2116 843 2195 quiri

187 2199 267 2260 hunc
290 2206 403 2260 tantum
421 2199 474 2261 tibi
495 2217 544 2261 me
567 2200 700 2261 discessu
719 2198 800 2261 ferre
821 2199 963 2264 dolorem.

187 2284 258 2344 siste
280 2283 405 2361 gradum
426 2291 514 2363 teque
536 2291 657 2363 aspectu
678 2301 716 2345 ne
735 2283 877 2345 subtrahe
897 2291 1009 2345 nostro.
1162 2296 1214 2352 465

188 2385 275 2446 quem
297 2367 392 2446 fugis?
412 2375 578 2429 extremum
600 2367 659 2428 fato
681 2367 760 2446 quod
784 2375 812 2429 te
834 2367 990 2446 adloquor,
1013 2367 1071 2429 hoc
1093 2368 1163 2431 est'

188 2449 294 2512 talibus
318 2454 432 2512 deneas
454 2452 607 2512 ardentem
627 2460 656 2512 et
677 2458 761 2511 torva
783 2459 914 2512 tuentem

186 2533 297 2596 lenibat
318 2535 401 2595 dictis
421 2537 551 2596 animum
570 2534 765 2612 lacrimasque
786 2534 890 2596 ciebat.

186 2617 234 2679 illa
258 2616 321 2680 solo
340 2619 414 2678 dnos
436 2617 536 2678 oculos
558 2636 660 2679 aversa
681 2618 814 2687 tenebat,

185 2720 242 2763 nec
263 2703 356 2778 magis
378 2703 495 2780 incepto
517 2701 628 2762 voltum
650 2719 788 2763 sermone
807 2709 956 2774 movetur,
1161 2715 1213 2770 470

185 2802 274 2864 quam
296 2787 321 2846 si
343 2783 417 2845 dum
438 2784 510 2846 siles
530 2793 581 2846 aut
602 2792 659 2847 stet
680 2785 824 2863 Marpesia
851 2794 959 2848 cautes.

185 2868 303 2930 tandem
325 2870 467 2947 corripuit
487 2887 552 2931 sese
574 2878 661 2950 atque
683 2871 800 2932 inimica
825 2873 933 2949 refugit

184 2954 215 3013 in
232 2971 337 3015 nemus
361 2953 572 3024 umbriferum,
597 2956 725 3017 coniunx
746 2956 798 3018 ubi
823 2959 965 3036 pristinus
987 2957 1027 3017 illi

184 3039 344 3115 respondet
365 3038 444 3099 curis
466 3047 630 3120 aequatque
653 3041 802 3121 Sychaeus
825 3059 965 3104 amorem.

183 3139 240 3182 nec
263 3123 361 3183 minus
381 3125 511 3189 deneas.
535 3142 604 3186 casu
627 3143 789 3187 concussus
811 3128 927 3206 iniquo,
1160 3135 1211 3190 475

182 3207 372 3286 prosequitur
386 3210 523 3273 lacrimis
544 3207 631 3286 longe
653 3217 682 3270 et
702 3211 860 3271 miseratur
881 3213 1009 3270 euntem.

224 3288 296 3353 lude
317 3289 419 3353 datum
438 3295 559 3354 molitur
580 3295 645 3353 iter.
688 3293 806 3371 iamque
827 3310 896 3354 arva
920 3290 1039 3353 tenebat

183 3370 300 3445 ultima,
322 3393 398 3454 quse
416 3375 494 3438 belle
519 3374 590 3436 clari
609 3383 724 3436 secreta
744 3376 940 3456 frequentant.

183 3456 232 3517 hic
254 3457 295 3520 illi
315 3461 446 3521 occurrit
462 3459 596 3539 Tydeus,
617 3459 666 3520 hic
687 3459 814 3522 inclutus
836 3463 924 3523 armis

182 3541 422 3624 Parthenopaeus
445 3551 474 3604 et
493 3542 610 3605 ddrasti
630 3543 765 3624 pallentis
786 3547 899 3626 imago,
