2512 4096
203 243 263 304 ³44
527 250 876 300 cenomannorum

203 407 273 470 haut
294 407 391 466 miuus
411 407 523 466 Aeneas
544 411 636 466 tortos
655 403 725 482 legit
748 405 849 467 obvius
873 406 960 468 orbes

203 491 380 568 vestigatque
397 488 493 549 virum
515 495 544 549 et
565 487 685 549 disiecta
705 506 760 566 per
781 492 896 567 agmina
917 503 1023 566 magna

113 603 117 612 ·
202 591 273 634 voce
294 580 387 632 vocat.
426 572 558 649 quotiens
580 570 681 631 oculos
700 573 823 634 coniecit
845 575 875 632 ln
898 573 1011 634 hostem

202 656 406 735 alipedumque
426 654 524 730 lugam
543 672 632 716 cursu
650 658 799 733 temptavit
818 674 969 735 equorum,

203 757 320 800 aversos
342 740 447 798 totiens
466 755 570 799 eumue
592 738 712 798 Iuturna
733 741 860 800 retorsit.
1164 746 1210 798 tet

202 821 259 884 lieu
282 821 351 900 quid
374 821 457 897 agat?
485 823 564 881 vario
586 823 765 900 nequiquam
786 822 906 884 ssuctuat
925 833 1016 893 aestu,

203 906 392 981 diversaeque
413 911 517 964 vocant
538 905 667 964 animum
688 906 718 965 in
736 907 883 967 contracta
903 925 1000 967 curae.

202 989 270 1050 huic
290 989 448 1065 Messapus,
470 990 513 1048 uti
530 986 610 1048 laeva
632 988 690 1048 duo
710 989 786 1049 torte
808 989 928 1065 gerebat

202 1072 281 1137 hita
299 1070 370 1132 levis
393 1088 481 1131 cursu
501 1071 629 1148 praelixa
655 1070 767 1132 hastilia
785 1071 873 1143 ierro,

201 1155 309 1216 horum
326 1172 416 1215 unum
439 1160 519 1214 certo
535 1162 735 1232 ¹contorquens
752 1156 858 1232 derigit
879 1157 946 1216 ictu.
1163 1163 1210 1213 tut

201 1238 329 1300 substitit
348 1238 460 1299 leneas
478 1244 507 1298 et
528 1255 560 1298 se
580 1236 696 1314 collegit
713 1240 743 1298 in
765 1257 854 1310 arma,

201 1321 309 1400 poplite
333 1321 501 1389 subsidens;
525 1322 636 1400 apicem
658 1327 755 1382 tamen
776 1323 863 1383 incita
883 1339 1031 1384 summum

202 1405 284 1465 hasta
302 1403 367 1464 tulit
386 1421 575 1484 summasque
595 1407 722 1465 excussit
739 1407 847 1466 vendre
867 1407 978 1466 cristas.

202 1495 263 1548 tum
282 1504 352 1548 vero
374 1486 631 1564 adsurgunt'irae;
653 1489 824 1567 insidiisque
846 1488 993 1557 subactus,

202 1572 332 1631 diversos
353 1569 404 1630 ubi
424 1572 516 1630 sensit
537 1589 630 1649 equos
650 1588 828 1650 currumque
849 1573 963 1640 referri,
1163 1582 1209 1632 tut

200 1652 291 1714 multa
310 1653 408 1713 lovem
427 1661 457 1713 et
477 1653 547 1713 laesi
567 1660 689 1714 testatus
711 1653 836 1716 foederis
858 1674 922 1715 aras

201 1737 258 1798 iam
277 1736 393 1796 tandem
416 1735 525 1795 invadit
544 1737 655 1797 medios
676 1745 706 1798 et
726 1737 818 1798 Marte
840 1738 968 1799 secundo

202 1819 340 1881 terribilis
362 1835 476 1878 saevam
498 1818 579 1878 nullo
601 1819 767 1880 discrimine
790 1820 909 1881 caedem

201 1904 320 1964 suscitat
341 1903 511 1979 uarumque
532 1902 626 1962 omnis
647 1903 768 1963 effundit
785 1902 923 1964 habenas.

244 1985 315 2055 Quis
329 1985 402 2045 mihi
421 2002 498 2045 nunc
513 1993 555 2046 tot
576 1984 683 2046 acerba
699 1985 781 2057 deus,
797 1988 862 2066 quis
880 1987 1009 2047 carmine
1029 1989 1137 2050 caedes
1161 1997 1208 2047 50⁰

201 2071 330 2130 diversas
352 2067 522 2145 obitumque
545 2069 661 2138 ducum,
684 2087 758 2147 quos
780 2088 908 2149 aequore
929 2076 988 2130 toto

201 2153 288 2229 inque
305 2153 399 2212 ricem
421 2168 499 2211 nunc
520 2151 638 2212 Turnus
657 2153 724 2229 agit,
745 2170 823 2213 nunc
844 2153 950 2213 Troius
971 2151 1072 2222 heros,

202 2235 353 2316 expediat?
375 2242 475 2294 tanton
496 2234 606 2313 placuit
626 2252 805 2297 concurrere
823 2243 913 2306 motu,

200 2319 340 2396 luppiter,
364 2327 482 2378 aeterna
502 2318 597 2394 gentis
619 2319 648 2378 in
670 2335 743 2396 pace
765 2319 896 2380 luturast

200 2402 312 2461 leneas
334 2399 474 2461 Rutulum
491 2401 654 2462 Sucronem
672 2401 717 2481 (ea
736 2404 830 2481 prima
849 2403 961 2463 ruentis

199 2501 298 2562 pugna
315 2484 380 2543 loco
403 2485 502 2544 statuit
521 2484 660 2564 Teucros)
681 2486 752 2546 haut
773 2485 862 2546 multa
884 2492 1048 2545 morantem

200 2567 307 2644 excipit
324 2568 353 2625 in
375 2565 451 2626 latus
473 2576 508 2636 et,
533 2585 589 2644 qua
611 2569 669 2628 tata
692 2567 863 2636 celerruma,
887 2568 1009 2628 crudum

199 2648 371 2726 transadigit
390 2657 485 2708 costas
507 2657 535 2709 et
557 2651 644 2709 cratis
664 2651 791 2727 pectoris
811 2668 920 2711 ensem.

200 2731 318 2791 Turnus
336 2749 411 2810 equo
433 2730 577 2792 deiectum
599 2733 739 2810 Amycum
761 2732 941 2811 fratremque
962 2735 1081 2814 Dioren,

199 2831 376 2892 congressus
394 2814 493 2891 pedes,
517 2814 596 2874 hunc
615 2816 780 2875 venientem
804 2816 922 2894 cuspide
941 2818 1036 2894 longa,

200 2898 278 2958 hunc
298 2913 439 2958 mucrone
461 2896 528 2958 ierit
549 2915 698 2976 curruque
720 2897 832 2959 abscisa
855 2900 980 2960 duorum

199 2981 350 3058 suspendit
372 2982 466 3057 capita
487 2989 517 3042 et
537 2984 667 3042 rorantia
685 2983 828 3058 sanguine
849 2989 954 3059 portat.

198 3062 247 3124 ille
266 3062 358 3124 'laton
379 3064 560 3140 Tanaimque
576 3065 648 3126 Nect
670 3066 835 3145 sortemque
854 3066 1023 3142 Cethegum,

199 3148 251 3206 tris
268 3164 328 3206 uno
351 3164 519 3224 congressu,
543 3156 572 3208 et
589 3157 732 3210 maestum
752 3150 840 3208 mittit
862 3147 975 3218 Oniten,

198 3229 246 3289 hic
266 3229 372 3290 tratres
393 3230 480 3309 Lycia
502 3233 606 3293 missos
631 3241 660 3293 et
681 3230 821 3311 Apollinis
838 3231 916 3308 agris

199 3329 306 3372 nomen
327 3311 499 3373 Echionium
520 3317 679 3393 matrisque
701 3332 792 3393 genus
810 3313 952 3383 Peridiae,

199 3403 227 3455 et
248 3397 383 3456 iuvenem
404 3414 525 3456 exosum
547 3399 725 3476 nequiquam
748 3395 822 3456 bella
844 3397 1006 3466 Menoeten,

200 3478 320 3546 Arcada,
340 3480 473 3558 piscosae
495 3481 541 3540 cui
564 3478 675 3542 circum
697 3480 814 3541 llumina
838 3480 949 3540 Lernae
