2512 4096
447 325 591 374 1111111
613 324 813 374 1111111111
1117 316 1137 378 5

252 479 357 541 addam
372 497 457 540 cerea
471 495 581 557 pruna:
609 480 704 540 bonos
727 481 783 541 erit
803 479 873 540 huic
895 497 1013 559 quoque
1035 499 1137 560 pomo:

252 570 280 625 et
301 580 366 634 vos,
390 581 408 623 u
430 562 518 633 lauri,
543 581 661 642 carpam
684 571 713 624 et
733 570 777 632 te,
800 580 944 641 proxuma
965 571 1068 644 myrte,

250 648 293 707 111
313 649 425 725 positae
443 649 581 726 quoniam
602 647 697 708 suavis
718 648 846 707 miscetis
868 647 983 708 odores.
1103 661 1138 713 ⁵5

249 730 385 792 Rusticus
408 748 453 800 es,
477 729 626 810 Corydon:
649 749 705 792 nec
725 748 848 791 munera
871 737 955 791 curat
975 729 1081 799 Alexis,

250 831 322 884 nee,
345 815 370 874 si
392 813 564 875 muneribus
586 821 696 884 certes,
719 813 861 874 concedat
880 812 976 874 lollas.

250 897 308 959 beu
330 897 402 959 beu!
431 897 500 975 quid
522 896 599 958 volui
620 899 728 959 misero
750 897 840 956 mibi?
861 896 985 958 floribus
1007 905 1138 960 austrum

251 981 384 1059 perditus
406 987 434 1042 et
455 980 571 1060 liquidis
592 982 689 1041 inmisi
710 979 839 1041 lontibus
861 999 958 1058 aprus.

256 1063 349 1135 Quem
361 1064 447 1141 iugis,
461 1083 486 1135 a,
500 1066 638 1127 demensi
650 1063 821 1125 habitarunt
832 1064 863 1124 di
875 1080 993 1143 quoque
1004 1064 1089 1126 silvas
1104 1076 1139 1130 60

253 1148 474 1226 Dardaniusque
495 1149 587 1209 Paris.
631 1147 725 1208 Pallas
748 1165 819 1226 quas
842 1148 971 1208 condidit
992 1165 1075 1209 arces

252 1232 314 1308 ipsa
336 1229 425 1292 uolat:
447 1231 531 1292 nubis
552 1231 687 1310 placeant
707 1238 774 1292 aute
796 1232 893 1291 omnia
915 1230 1012 1292 silvae.

252 1318 333 1375 torva
354 1313 454 1375 leaena
475 1314 577 1393 lupmn
599 1317 746 1394 sequitur,
769 1314 857 1393 lupus
877 1315 941 1391 ipse
963 1314 1114 1392 capellam,

253 1396 408 1458 florentem
430 1396 552 1475 cytism
573 1400 705 1477 sequntur
726 1397 832 1458 lasciva
854 1396 973 1475 capella,

254 1487 282 1542 te
295 1480 446 1560 Corydon,
467 1479 590 1542 uallari:
612 1481 703 1542 trahit
717 1499 770 1542 sua
785 1498 930 1560 quemque
945 1481 1086 1560 voluptas.
1103 1493 1137 1548 65

254 1564 375 1642 Aspice,
399 1571 495 1626 aratra
516 1566 585 1640 iugo
606 1564 740 1626 referunt
760 1582 902 1643 suspensa
923 1567 1045 1636 iuvenci,

253 1654 282 1708 et
302 1648 347 1708 sol
369 1650 527 1710 crescentis
549 1649 695 1709 decedens
716 1647 844 1726 duplicat
865 1648 995 1711 umbras.

252 1749 301 1792 me
320 1738 419 1793 11111111
441 1733 500 1793 urit
521 1750 618 1792 amor:
648 1733 713 1810 quis
728 1733 805 1793 enirn
818 1731 924 1792 modus
939 1731 1014 1793 adsit
1027 1733 1138 1792 amorii

253 1834 270 1876 a
292 1815 427 1895 Corydon
450 1815 599 1895 Corydon,
623 1834 698 1894 quae
719 1823 748 1876 te
770 1816 915 1877 dementia
937 1816 1028 1892 cepit!

127 1900 134 1914 '
252 1900 424 1977 semiputata
444 1899 498 1958 tibi
519 1900 658 1960 frondosa
678 1900 744 1959 vitis
763 1900 794 1958 iu
816 1898 896 1959 ulmo
919 1905 971 1958 est.
1104 1908 1139 1961 70

254 1984 324 2062 quin
345 1989 377 2043 tu
399 1982 507 2061 aliquid
528 1982 631 2043 saltem
652 1983 766 2060 potius,
790 1997 917 2059 quorum
932 1979 1043 2057 indiget
1056 1998 1137 2050 usus,

253 2066 408 2127 viminibus
429 2065 568 2144 mollique
588 2082 675 2142 paras
698 2066 837 2124 detexere
858 2062 965 2121 iuueni

254 2149 383 2209 invenies
405 2148 507 2217 alium,
529 2149 554 2206 si
575 2153 604 2207 te
626 2148 675 2206 bic
697 2144 818 2214 lastidit,
842 2143 963 2205 Alexim.

304 2617 485 2669 mum.
535 2617 718 2668 nnnonrds.
768 2616 954 2668 emron.

237 2721 298 2780 'aa
321 2719 373 2781 liic
394 2719 480 2788 mihi,
503 2718 656 2790 liamoeta,
680 2720 778 2780 cuium
799 2718 911 2796 pecust
933 2736 970 2778 an
984 2717 1137 2780 Meliboei?

229 2805 290 2863 al).
312 2802 393 2873 Non,
415 2821 517 2864 verum
530 2804 672 2880 begunim
694 2820 790 2880 nuper
804 2802 876 2862 mihi
890 2802 1009 2863 tradidit
1026 2805 1135 2880 Aegon

232 2906 237 2930 r
256 2888 300 2947 M.
322 2885 426 2947 lulelir
447 2903 465 2946 o
487 2904 604 2963 semper
626 2888 686 2948 oris
707 2887 810 2964 pecus!
832 2886 895 2964 ipse
917 2885 1060 2948 Neaeram

254 2969 324 3032 dum
346 2970 425 3030 iuvet
444 2989 480 3031 11
499 2988 538 3031 ne
558 2989 606 3031 me
627 2969 682 3030 sibi
703 2969 851 3046 praeierat
870 2968 919 3030 illa
940 2976 1066 3040 seretur,

255 3054 303 3115 bic
324 3052 435 3115 alienus
457 3054 518 3115 1111
540 3061 638 3115 eustos
659 3052 704 3113 bis
725 3051 837 3128 mulget
857 3053 887 3111 in
908 3052 998 3122 hura;
1119 3065 1136 3117 5

256 3143 284 3198 et
305 3155 394 3200 sucus
415 3135 517 3215 pecori
537 3144 568 3198 et
587 3136 633 3198 lac
655 3135 828 3197 subducitur
850 3136 941 3211 agnis.

244 3223 290 3284 ·D.
313 3222 433 3282 Parcius
454 3223 508 3282 ista
529 3221 598 3282 uiris
618 3228 717 3281 tamen
739 3219 890 3281 obicienda
913 3227 1069 3280 memento.

253 3306 387 3367 novimus
407 3306 507 3384 etqui
529 3311 558 3366 11
578 3312 744 3365 transversa
765 3303 915 3365 tuentibus
937 3303 1059 3381 hirquis,

256 3395 286 3448 et
305 3406 364 3466 quo
388 3420 423 3433 -
448 3386 499 3449 sed
513 3388 613 3449 faciles
633 3387 779 3466 nymphae
800 3388 894 3447 risere
918 3420 953 3430 -
977 3385 1095 3446 sacello.

254 3470 298 3531 Μ.
319 3470 410 3542 Tum,
428 3471 531 3543 credo,
548 3488 617 3533 cum
631 3489 679 3531 me
694 3470 846 3531 arbustum
862 3470 959 3530 videre
970 3469 1090 3530 Miconis
1106 3480 1140 3530 10

256 3557 344 3632 atque
364 3551 441 3616 mala
462 3556 527 3616 ritis
547 3554 678 3616 incidere
698 3551 772 3614 laice
793 3551 933 3613 novellas,
