2512 4096
190 248 249 308 tto
526 254 669 302 veneror
692 253 817 302 irensis
841 254 865 300 11

187 413 238 474 sed
261 410 331 490 quid
352 426 407 487 ego
429 411 502 472 haec
523 417 621 470 autem
644 409 822 487 nequiquam
842 409 955 485 ingrata
977 406 1113 468 revolvo?

188 496 293 575 quidve
312 511 427 564 moror,
449 495 473 554 si
496 493 591 554 omnis
610 510 670 553 uno
693 493 796 553 ordine
817 489 931 552 habetis
946 491 1070 552 Achivos

187 580 275 658 idque
292 577 392 638 audire
413 585 458 638 sat
480 577 540 638 esti
562 576 724 637 iandudum
742 577 848 637 sumito
870 592 995 652 poenas:

188 662 245 722 hoc
266 661 382 722 Ithacus
402 661 470 722 velit
489 668 517 722 et
540 677 646 739 magno
669 668 838 721 mercentur
855 658 997 719 Atridae'

228 745 304 806 'l'um
325 762 395 806 sero
417 745 554 806 ardemus
575 745 674 805 scituri
695 751 724 804 et
744 761 888 821 quaerero
908 759 1001 811 casus,

187 829 285 907 quari
307 827 453 890 scelerum
476 834 621 890 tantorum
643 828 771 905 artisque
790 826 940 905 Pelasgae.

189 913 378 991 prosequitur
398 913 529 990 pavitans
548 920 577 972 et
597 913 664 972 licto
683 920 804 990 pectore
825 911 915 971 latin:

229 997 339 1074 ‘Saepe
361 995 461 1073 lugam
483 997 573 1056 Danai
594 995 681 1056 Troia
701 995 819 1073 cupiere
838 993 938 1055 relicta

188 1079 284 1140 moliri
303 1088 332 1140 et
353 1078 440 1156 longo
464 1079 531 1140 lessi
553 1079 705 1141 discedere
729 1078 821 1147 bello;

187 1163 384 1242 fecissentque
405 1165 530 1224 utinam!
554 1181 642 1240 saepe
661 1163 724 1224 illos
746 1180 849 1242 aspera
867 1163 949 1239 ponti

187 1246 350 1309 interclusit
371 1247 500 1326 hiemps,
524 1256 553 1308 et
575 1248 678 1309 terruit
700 1253 798 1308 auster
818 1244 922 1307 euntis.

189 1332 346 1408 praecipue
370 1350 436 1392 curn
457 1332 515 1391 iam
535 1332 583 1392 hic
605 1330 737 1392 trabibus
759 1337 912 1391 contextus
931 1327 1045 1389 acernis

188 1420 279 1474 staret
301 1432 386 1482 ecus,
408 1421 467 1474 toto
491 1423 654 1477 sonuerom
675 1415 795 1476 aethere
815 1413 917 1474 nimbi.

187 1500 322 1574 suspensi
346 1490 522 1578 Eurypylum
544 1499 696 1560 scitantem
718 1497 836 1559 oracula
858 1494 971 1557 Phoebi

188 1579 344 1650 mittimus,
367 1582 450 1659 isque
472 1582 564 1660 adytis
583 1583 656 1644 haec
678 1583 770 1642 tristia
790 1582 866 1641 dieta
889 1585 1033 1658 reportat:
1154 1589 1203 1641 115

189 1664 354 1741 “sanguine
374 1663 509 1741 placastis
529 1675 630 1726 ventos
653 1673 681 1725 et
702 1666 814 1741 virgine
836 1681 934 1732 caesa,

189 1764 256 1807 cum
278 1748 407 1824 primum
427 1746 546 1815 iliacas,
570 1749 674 1817 Danai,
695 1748 812 1808 venistis
833 1748 868 1806 ad
891 1763 974 1807 oras:

188 1831 328 1906 sanguine
351 1830 510 1909 quaerendi
531 1831 658 1901 reditus,
682 1831 834 1908 animaque
856 1831 997 1890 litandum

188 1911 354 1992 Argolica.”
397 1912 474 1991 volgi
496 1931 645 1992 quaeror
667 1923 699 1974 ut
720 1915 798 1975 venit
819 1914 856 1973 ed
879 1916 967 1982 auris,

188 1995 357 2075 obstipuere
375 1998 477 2066 animi,
501 1997 673 2076 gelidusque
694 2015 749 2077 per
771 1999 828 2058 ima
851 1999 981 2058 cuccurrit
1155 2007 1203 2058 rto

188 2097 254 2142 ossa
275 2089 401 2149 tremor,
427 2082 474 2142 cui
497 2081 553 2141 lata
575 2091 695 2159 parent,
717 2100 805 2161 quem
826 2091 928 2159 poscat
948 2077 1076 2157 Apollo.-

189 2166 236 2225 nio
258 2164 374 2226 lthacus
394 2173 487 2226 vatem
509 2183 617 2243 magno
639 2166 795 2228 Calchanta
816 2164 941 2226 tumultu

189 2248 333 2323 protrahit
355 2250 384 2308 in
408 2249 533 2310 medios:
556 2268 631 2329 quae
649 2251 706 2310 sint
727 2268 761 2310 ea
782 2251 901 2311 numina
924 2249 1034 2315 divom,

188 2329 305 2406 llagitat.
351 2333 467 2391 etmihi
490 2334 546 2393 iam
569 2333 652 2394 multi
674 2332 792 2395 crudele
813 2332 956 2394 canebant

187 2414 306 2474 artificis
325 2413 420 2475 scelus
444 2425 472 2475 et
492 2416 570 2476 taciti
590 2425 712 2478 ventura
732 2416 877 2477 videbant.

187 2494 233 2555 bis
254 2498 359 2575 quinos
374 2497 440 2558 silet
461 2497 508 2557 ille
534 2500 596 2560 dies
618 2507 770 2578 tectusque
788 2508 905 2561 recusat

188 2580 315 2656 prodere
338 2598 408 2639 voce
429 2600 481 2640 sua
503 2600 679 2660 quemquam
702 2592 751 2643 aut
773 2600 923 2662 opponere
945 2582 1042 2640 morti.

187 2665 235 2724 vix
255 2663 388 2732 tandem,
410 2665 523 2739 magnis
546 2665 637 2726 Ithaci
659 2666 836 2727 clamoribus
856 2673 952 2733 actus,

188 2748 350 2823 composito
369 2748 480 2824 rumpit
500 2765 619 2823 vocem,
643 2758 671 2808 et
693 2768 740 2810 me
763 2751 887 2811 destinat
909 2766 986 2808 arae.

188 2828 345 2890 adsensere
368 2848 484 2900 omnes,
508 2839 536 2890 et
559 2850 633 2909 quae
654 2831 710 2893 sibi
728 2835 850 2912 quisque
873 2832 992 2893 timebat

188 2913 275 2973 unius
293 2915 323 2973 in
340 2914 439 2974 miseri
462 2915 581 2974 exitium
601 2933 740 2976 conversa
762 2917 864 2978 tulere.

187 2996 304 3075 iamque
326 2997 388 3058 dies
410 2997 526 3059 infanda
550 2999 669 3060 aderat:
691 3000 763 3060 mihi
784 3019 867 3061 sacra
884 3000 981 3078 parari

188 3087 217 3138 et
238 3079 331 3141 salsae
353 3081 453 3160 fruges
472 3091 500 3143 et
523 3084 635 3145 circum
655 3091 788 3161 tempora
810 3086 904 3145 vittae.

189 3163 296 3239 eripui,
321 3164 427 3233 lateor,
451 3165 508 3226 leto
526 3184 573 3227 me
596 3173 625 3227 et
646 3167 762 3228 vincula
783 3169 866 3244 rupi,

187 3244 350 3325 limosoque
371 3246 435 3307 lacu
461 3266 514 3326 per
533 3256 650 3309 noctem
671 3248 816 3309 obscurus
837 3251 867 3309 in
887 3247 952 3308 ulva

188 3327 303 3400 delitui,
326 3330 395 3390 dum
417 3330 480 3391 vela
496 3331 616 3401 darent,
639 3335 664 3390 si
685 3332 760 3392 lorte
783 3331 938 3392 dedissent

187 3430 242 3473 nec
263 3414 335 3474 mihi
357 3414 415 3473 iam
433 3415 557 3492 patriam
578 3414 726 3492 antiquam
747 3433 815 3493 spes
835 3414 894 3475 ulla
917 3415 1032 3475 ridendi

187 3514 243 3558 neo
265 3496 388 3576 duplicis
407 3505 490 3557 natos
508 3504 737 3576 exoptatumque
759 3509 925 3577 parentem:
