2512 4096
401 277 553 337 Vesulus
566 285 692 336 Anums
712 285 740 334 11

62 445 193 509 nituntur
216 441 373 521 gradibus,
397 440 567 525 clipeosque
589 443 628 504 ad
648 440 706 504 tela
728 442 852 504 sinistras

26 550 28 555 ’
60 528 185 610 protecti
205 525 351 598 obiciunt,
372 534 513 606 prensant
533 525 654 604 fastigia
669 526 789 589 dextris.

61 610 245 675 Dardanidae
264 617 367 672 contra
388 611 479 672 turris
501 628 536 673 ao
556 616 618 671 tota
640 610 797 672 domorum
1030 617 1080 676 545

61 695 189 759 culmina
211 693 379 756 convellunt
407 693 463 774 (his
484 713 531 766 se,
554 693 671 774 quando
692 693 795 756 ultima
815 700 953 764 cernunt,

62 785 192 842 extrema
214 780 272 839 iarn
294 779 325 840 in
346 784 442 839 morte
464 786 570 857 parant
590 777 750 840 defendere
771 777 860 859 telis),

61 870 236 942 amatusque
256 860 371 932 trabes,
393 868 526 924 veterum
548 862 656 925 decora
677 861 726 923 illa
745 870 915 941 parentum,

60 945 230 1016 derolront;
254 945 302 1008 alii
324 948 432 1008 strictis
452 946 643 1009 mucronibus
663 948 737 1008 imas

60 1029 205 1092 obsedere
227 1030 323 1100 iores,
343 1029 396 1092 has
416 1036 535 1092 serrant
555 1033 671 1109 agmine
693 1031 794 1093 denso.
1029 1041 1080 1095 4⁶0

58 1115 214 1176 instaurati
236 1114 324 1175 animi
345 1116 424 1194 regis
445 1133 623 1177 succurrere
643 1117 728 1177 tectis

59 1197 225 1279 auxilioque
248 1197 345 1259 levare
366 1200 445 1259 viros
464 1200 582 1279 vimque
603 1198 711 1261 addere
734 1199 825 1260 victis.

101 1281 205 1344 Limen
228 1288 291 1343 erat
313 1299 479 1360 memeque
499 1282 579 1344 iores
601 1291 631 1344 et
650 1283 769 1363 pervius
786 1299 857 1344 usus

59 1372 207 1428 tectorum
227 1367 305 1427 inter
323 1383 356 1426 se
376 1365 502 1436 Priami,
525 1374 685 1446 postesque
705 1365 801 1426 relicti

58 1456 197 1529 atergo,
219 1447 320 1511 infelix
339 1467 461 1529 quase,
486 1450 557 1511 dum
576 1468 668 1528 regna
689 1448 856 1520 manebant,
1028 1461 1080 1513 555

58 1534 176 1613 saepius
196 1532 403 1595 Andromache
425 1533 505 1595 ferre
525 1534 692 1595 incomitata
711 1532 823 1595 solebat

58 1615 98 1679 ad
121 1634 242 1679 soceros
262 1624 291 1678 et
311 1636 364 1678 avo
386 1635 513 1696 puerum
532 1618 705 1696 Astyanacta
725 1616 869 1680 trahebat.

60 1701 151 1763 evado
171 1701 209 1762 ad
229 1703 337 1762 summi
357 1701 471 1781 fastigia
494 1699 643 1770 culminis,
666 1701 745 1763 unde

59 1781 119 1847 tels
140 1802 230 1846 manu
249 1786 350 1847 miseri
370 1785 517 1848 iactabant
537 1787 626 1847 inrita
647 1785 766 1848 Teucri.

59 1869 167 1929 turrim
188 1869 218 1928 in
240 1870 394 1948 praecipiti
415 1876 541 1932 stantem
563 1871 743 1948 summisque
765 1869 820 1931 sub
844 1875 921 1930 astra
1028 1876 1079 1930 too

61 1951 199 2035 eductam
217 1955 316 2022 tectis,
329 1953 419 2014 unde
441 1954 536 2015 omnis
557 1953 645 2014 Troia
667 1952 759 2014 videri

60 2041 91 2097 et
111 2033 241 2097 Danaum
263 2035 365 2099 solitae
386 2055 474 2098 naves
496 2044 525 2098 et
545 2036 654 2097 Achaia
676 2044 780 2106 castra,

61 2118 194 2197 adgressi
211 2119 293 2182 ferro
315 2120 443 2189 circum,
466 2136 524 2197 qua
545 2136 658 2178 summa
679 2115 803 2177 labantis

57 2202 212 2265 iuncturas
232 2201 362 2263 tabulata
381 2201 507 2269 dabant,
535 2197 724 2261 convellimus
747 2198 812 2260 altis

56 2285 177 2348 sedibus
198 2283 431 2363 inpulimusque:
455 2281 552 2361 elapsa
570 2289 692 2360 repente
711 2283 828 2344 ruinam
1027 2293 1076 2347 465

58 2388 127 2432 cum
148 2370 246 2428 sonitu
266 2364 356 2426 trahit
376 2376 405 2427 et
423 2365 556 2428 Danaum
577 2383 667 2444 super
688 2367 804 2445 agmina
824 2366 882 2428 late

55 2450 169 2514 incidit.
213 2456 257 2510 ast
279 2447 327 2510 alii
347 2449 490 2521 subeunt,
509 2468 565 2512 nec
586 2468 656 2512 saxa
677 2468 733 2513 nec
753 2449 846 2512 ullum

55 2534 185 2598 telorum
203 2534 315 2596 interea
336 2542 430 2596 cessat
448 2552 549 2614 genus.

100 2616 283 2680 Vestibulum
305 2624 373 2680 ante
394 2620 491 2697 ipsum
511 2618 667 2698 primoque
692 2619 722 2679 in
743 2617 842 2680 limine
862 2617 992 2699 Pyrrhus

57 2700 183 2775 exultat,
205 2701 270 2764 telis
292 2709 321 2765 et
336 2700 403 2765 luce
422 2721 563 2766 coruscus
583 2707 671 2772 aena;
1025 2709 1076 2766 elo

58 2784 153 2866 qualis
173 2784 226 2847 ubi
246 2786 277 2845 in
298 2785 396 2848 lucem
416 2787 539 2849 coluber
558 2786 634 2848 mela
655 2785 788 2865 gramina
809 2792 924 2864 pastus,

57 2869 164 2947 frigida
185 2867 242 2932 sub
263 2876 344 2930 terra
364 2871 510 2932 tumidum
532 2888 620 2950 quem
640 2871 747 2932 bruma
768 2868 899 2948 tegebat,

56 2971 139 3015 nunc
160 2952 262 3032 positis
283 2969 374 3013 novos
396 2955 505 3015 exuviis
525 2953 692 3032 nitidusque
713 2955 830 3015 iuventa

56 3035 172 3098 lubrica
193 3033 338 3098 convolvit
357 3034 471 3097 sublato
492 3045 613 3116 pectore
633 3043 731 3115 terga,

58 3119 167 3184 arduos
190 3121 228 3182 ad
246 3119 353 3191 solem,
376 3127 405 3182 et
425 3118 533 3198 linguis
550 3121 638 3181 micat
657 3138 710 3181 ore
729 3117 866 3181 trisulcis.
1026 3129 1076 3188 lis

57 3221 118 3267 una
137 3206 242 3284 ingens
263 3203 406 3284 Periphas
428 3211 457 3267 et
478 3222 624 3286 equorum
644 3205 768 3284 agitator
787 3201 922 3277 Achillis,

57 3287 187 3366 armiger
204 3287 404 3361 Automedon,
426 3306 487 3351 una
507 3287 639 3352 omnisS
690 3307 718 3352 ra
736 3285 834 3368 pubes

57 3369 222 3434 succedunt
242 3378 335 3445 teoto,
361 3380 391 3435 et
410 3373 544 3436 flammas
561 3373 599 3435 ad
623 3307 751 3437 officina
771 3374 888 3436 iactant.

56 3456 122 3535 ipse
140 3456 216 3516 inter
236 3456 354 3536 primos
367 3466 503 3536 correpta
523 3459 596 3521 dura
617 3456 737 3536 bipenni

56 3537 158 3601 limina
178 3537 358 3620 perrumpit,
376 3541 527 3620 postisque
546 3559 564 3603 a
586 3540 706 3602 cardine
726 3539 806 3602 vellit
1023 3545 1075 3604 ost
1138 3622 1142 3627 ἡ
