2512 4096
416 269 766 329 ornnornrsnn'nrsvrr
1032 267 1091 332 231

81 436 171 497 audiit
193 443 223 496 et
240 435 355 498 Triviae
373 434 462 513 longe
479 434 569 503 lacus,
589 434 680 496 audiit
697 437 791 496 amnis

80 519 218 598 sulpurea
241 518 301 581 Nar
324 518 407 580 albus
430 536 506 597 eque
528 518 682 597 fontesque
700 517 802 588 Velini,

80 611 110 664 et
130 602 263 681 trepidae
285 610 395 665 matres
415 619 551 681 pressere
572 602 608 662 ad
631 610 750 680 pectora
771 611 864 664 nates.

79 696 141 748 tum
163 703 233 747 uero
255 687 292 748 ad
314 704 416 748 vocem
440 684 562 756 celeres,
586 703 642 764 qna
662 685 769 747 bucina
790 687 905 766 signum

80 770 143 831 dira
166 769 255 839 dedit,
276 771 369 850 raptis
390 776 574 830 concurrunt
593 769 725 848 undique
745 769 811 832 telis

79 853 212 914 indomiti
234 853 395 931 agricolae:
418 870 551 914 necnon
573 861 603 914 et
623 852 713 914 Troia
734 853 830 932 pubes

79 937 202 998 decemo
223 937 363 998 auxillum
386 938 488 998 castus
509 936 631 998 ellundit
650 939 768 1015 opertis.

80 1020 223 1083 derexero
242 1021 328 1082 acies.
364 1037 423 1081 non
443 1021 501 1081 iam
521 1020 680 1081 certamine
701 1023 819 1098 agresti,

80 1102 225 1179 stipitibus
244 1103 326 1164 duria
346 1105 443 1182 agitur
461 1103 618 1166 sudibusve
636 1105 789 1184 praeustis,

80 1186 132 1247 sed
152 1184 233 1246 lerro
258 1188 377 1265 ancipiti
400 1188 564 1249 decernimt
585 1195 705 1266 atroque
726 1186 784 1248 late

79 1270 226 1330 horrescit
246 1271 353 1330 strictis
375 1289 459 1349 seges
483 1270 601 1332 ensibus
624 1288 752 1348 aeraque
777 1270 888 1350 fulgent

80 1352 142 1414 sole
163 1352 298 1414 lacessita
321 1361 350 1414 et
371 1353 468 1414 lucem
492 1352 547 1414 sub
568 1353 668 1414 nubila
693 1356 815 1414 iactant:

80 1436 186 1497 lluctus
208 1438 251 1497 uti
270 1439 366 1516 primo
391 1438 488 1515 coepit
507 1454 574 1498 cum
594 1435 745 1498 albescere
769 1446 864 1509 vento,

80 1519 218 1598 paulatim
241 1538 306 1582 sese
326 1519 401 1580 tollit
421 1538 504 1581 mare
525 1527 554 1582 et
575 1520 662 1582 altius
682 1521 777 1583 undas

81 1605 174 1682 erigit,
194 1604 264 1665 inde
285 1606 344 1664 imo
363 1606 514 1682 consurgit
535 1605 573 1664 sd
593 1605 712 1666 aethera
735 1604 835 1665 lundo.

81 1687 130 1747 hie
152 1689 264 1749 invenis
283 1689 408 1766 primam
426 1694 493 1749 ante
515 1689 608 1750 aciem
630 1687 771 1749 stridente
793 1689 904 1766 sagitta,

80 1779 216 1832 natorum
238 1770 346 1852 Tyrrhi
363 1773 460 1834 iuerat
481 1773 532 1850 qui
553 1773 707 1843 maximus,
729 1770 824 1840 dlmo,

80 1856 235 1925 sternitum
258 1855 351 1916 baesit
373 1857 451 1917 enlm
476 1855 532 1916 sub
549 1863 670 1933 gutture
691 1854 794 1916 volnus
817 1863 846 1916 et
866 1855 942 1916 udae

79 1940 158 2000 vocis
176 1940 230 2000 iter
251 1946 427 2018 tenuemque
446 1938 563 2000 inclusit
585 1939 727 2016 sanguine
749 1939 845 2000 vitam

81 2039 206 2099 corpora
228 2020 318 2082 multa
339 2024 435 2082 virum
457 2024 535 2082 eirca
558 2023 715 2099 seniorque
738 2019 887 2090 Galaesus,

80 2105 150 2165 dum
173 2107 238 2181 paci
260 2105 388 2166 medium
411 2123 443 2165 ss
459 2106 554 2173 oliert,
573 2104 748 2166 iustissimus
770 2121 846 2165 unus

81 2189 130 2266 qui
152 2187 205 2248 luit
227 2189 419 2264 Ausoniisque
441 2186 509 2246 olim
530 2187 689 2247 ditissimus
708 2187 799 2247 arvis·
864 2186 866 2190 ’

81 2272 210 2350 quinque
232 2287 337 2349 greges
357 2269 401 2330 illi
420 2268 579 2341 balantum,
603 2271 691 2350 quina
713 2270 849 2331 redibant

81 2361 222 2423 armenta,
247 2362 276 2415 et
296 2361 406 2415 terrem
430 2360 547 2415 centum
570 2353 701 2416 vertebat
719 2355 832 2416 aratris

123 2439 218 2516 Atque
236 2457 269 2499 ea
291 2456 346 2517 per
363 2455 482 2516 compos
505 2455 598 2515 ecquo
621 2439 692 2498 dum
714 2439 808 2499 Marte
830 2446 982 2515 geruntur,

82 2521 218 2601 promissi
242 2522 296 2583 dea
319 2523 394 2583 lacta
417 2528 531 2600 potens,
554 2520 605 2583 ubi
626 2522 768 2601 sanguine
790 2520 900 2584 bellum

80 2605 186 2666 imbuit
206 2613 234 2667 et
254 2607 367 2685 primae
389 2606 534 2666 commisit
555 2605 659 2667 lunera
680 2623 806 2685 pugnae,

29 2763 32 2767 ⁴
82 2690 191 2751 deserit
211 2690 384 2770 Hesperiam
410 2696 439 2750 et
458 2689 530 2751 caeli
548 2707 677 2751 convexa
698 2707 755 2769 per
775 2707 879 2751 suras.
896 2699 903 2750 2
918 2735 947 2751 ..

80 2774 222 2835 lunonem
244 2775 346 2835 victrix
369 2773 485 2834 adlatur
505 2791 577 2834 voce
597 2773 741 2854 superba:

81 2869 143 2926 ‘en,
166 2858 297 2935 perlecto
319 2857 372 2917 tibi
393 2855 471 2916 bello
494 2856 638 2917 discordia
660 2857 751 2918 tristi:

82 2941 129 2999 dic
150 2941 179 2998 in
201 2941 357 3000 amicitiam
378 2946 482 3000 coeant
505 2948 534 3000 et
553 2939 672 3001 loedere
694 2942 824 3018 iungant.
860 2982 865 2990 -

82 3021 198 3100 quando
221 3023 340 3100 quidem
360 3022 490 3082 Ausonio
511 3023 640 3099 respersi
663 3024 804 3100 sanguine
826 3023 964 3093 Teucros,

82 3105 139 3165 hoc
161 3106 248 3166 etiam
270 3106 316 3166 his
330 3106 445 3173 addam,
468 3111 519 3165 tua
540 3106 565 3166 si
586 3105 657 3165 mihi
680 3112 759 3166 certa
780 3105 930 3167 voluntas:

82 3189 218 3250 finitimas
239 3191 268 3251 in
291 3189 365 3251 bella
389 3190 482 3250 ieram
503 3189 673 3253 nmsoribus
694 3188 784 3251 urbes

82 3273 299 3352 accendamque
321 3275 433 3335 animos
456 3273 550 3334 insani
570 3274 669 3337 Martis
692 3291 801 3344 amore,
1044 3280 1097 3331 ooo

81 3356 211 3435 undique
232 3364 265 3419 ut
283 3357 389 3418 auxilio
409 3357 542 3428 veniant:
565 3375 701 3438 spargam
724 3375 805 3419 erma
827 3376 881 3438 per
904 3360 1008 3436 agros!

81 3450 144 3500 tum
167 3447 268 3501 contra
291 3441 363 3502 luno
384 3448 548 3502 ‘terrorum
570 3449 599 3504 et
620 3441 731 3503 fraudis
753 3440 906 3503 abundest.

82 3531 158 3585 stant
181 3523 248 3586 belli
269 3541 383 3595 causae,
404 3532 553 3603 pugnatur
576 3527 739 3587 comminus
761 3525 859 3594 armis,
