2512 4096
458 260 603 308 vultum
623 259 749 310 huntus
765 261 805 310 111

125 426 279 499 postquam
303 423 406 478 cuncta
428 416 506 478 videt
527 414 608 477 caelo
628 422 763 478 constare
782 434 902 487 sereno,

125 502 174 563 dat
196 499 308 561 clarum
328 519 344 561 e
365 501 457 580 puppi
478 501 608 580 signumt
630 517 685 560 nos
706 509 799 581 castra
821 519 970 564 movemus

126 591 359 665 temptamusque
382 585 457 645 riam
475 591 505 645 et
523 581 657 644 velorum
678 585 832 662 pandimus
855 585 923 647 alas.
967 605 969 610 ·
1091 585 1163 652 oto'

124 671 240 748 iamque
260 663 439 730 rubescebat
458 665 549 729 stellis
569 667 684 728 Aurora
701 667 821 746 fugatis,

124 770 192 813 cum
212 751 317 831 procul
333 750 480 812 'obscuros
503 750 583 812 collis
601 751 801 831 humilemque
820 753 951 815 videmus

122 835 243 898 ltaliam.
288 834 399 896 ltaliam
420 837 534 914 primus
556 834 718 897 conclamat
736 835 876 906 Achates,

122 919 232 980 ltaliam
252 918 328 980 laeto
349 920 421 980 socii
443 918 571 981 elamore
598 919 733 981 salutant.
825 923 828 929 '

122 1010 184 1064 tum
206 1010 290 1081 pater
309 1002 450 1065 Anchises
472 1021 610 1082 magnum
634 1010 747 1064 cratera
770 1021 878 1065 corona

122 1087 217 1165 induit
236 1085 416 1165 inplevitque
436 1105 519 1148 mero
542 1087 681 1166 divosque
703 1089 816 1149 vocavit

123 1176 203 1232 stans
221 1171 315 1248 prima
332 1171 363 1230 in
384 1171 491 1250 puppi:

125 1253 169 1314 ‘di
190 1255 279 1315 maris
301 1262 330 1315 et
351 1261 448 1316 terrae
467 1261 732 1334 tempestatumque
753 1260 902 1335 potentes,

122 1337 199 1399 ferte
218 1338 294 1398 viam
313 1345 398 1400 vento
416 1338 530 1401 iacilem
552 1346 581 1400 et
602 1340 711 1417 spirate
731 1334 878 1400 secundil’

123 1420 314 1483 crebrescunt
335 1429 450 1500 optatae
469 1440 573 1494 aurae,
596 1428 757 1501 portusque
778 1423 902 1500 patescit

122 1507 179 1567 iarn
200 1506 338 1584 propior,
362 1505 562 1585 templumque
581 1513 704 1586 apparet
723 1507 753 1566 in
775 1523 844 1567 arce
864 1505 1021 1568 Minervae.

123 1589 186 1652 vela
207 1590 309 1668 legunt
331 1592 408 1655 socii
423 1599 451 1651 et
476 1608 581 1678 proras
601 1589 638 1650 ad
658 1589 744 1651 litora
764 1596 911 1668 torquent.

123 1681 225 1753 portus
242 1672 279 1735 ab
300 1692 392 1736 euroo
414 1674 506 1736 [luctu
527 1679 663 1735 curvatus
683 1675 713 1734 in
731 1691 849 1743 arcum,

123 1757 252 1820 obiectae
275 1757 350 1819 salsa
367 1767 505 1836 spumant
526 1759 682 1838 aspargine
703 1766 816 1827 cautes,

122 1842 184 1920 ipse
202 1841 287 1903 latet:
310 1844 426 1920 gemino
449 1843 596 1904 dimittunt
616 1841 754 1903 bracchia
778 1859 865 1902 muro

123 1927 219 1986 turriti
241 1924 354 2004 scopuli
374 1926 541 2006 refugitque
562 1925 599 1986 ab
618 1925 704 1986 litore
726 1923 876 2003 templum.

122 2014 259 2086 quattuor
280 2008 342 2078 laic,
366 2010 493 2086 primum
515 2027 616 2077 omen,
639 2025 730 2087 equos
751 2009 782 2068 in
803 2008 934 2085 gramine
951 2007 1008 2067 vidi

122 2091 277 2152 tondentes
300 2109 435 2169 campum
454 2092 527 2163 late,
551 2091 681 2153 candore
702 2089 799 2151 nivali.

122 2182 151 2235 et
170 2181 252 2254 pater
273 2174 413 2235 Anchises
436 2173 578 2246 ‘bellum,
599 2180 716 2234 eterra
737 2173 864 2251 hospita,
885 2181 1000 2250 portas:

121 2258 199 2320 hello
221 2263 373 2319 armantur
395 2259 475 2336 equi,
498 2256 610 2319 bellum
630 2256 704 2318 haec
725 2265 856 2318 armenta
876 2256 1033 2317 ninantur.

122 2343 174 2407 sed
188 2348 285 2404 tamen
308 2341 385 2404 idem
406 2340 475 2402 olim
498 2359 589 2402 curru
611 2340 774 2402 succedere
791 2341 868 2403 sueti

122 2425 328 2505 quadrupedes
351 2434 379 2486 et
400 2425 484 2487 irena
506 2426 575 2504 iugo
597 2425 755 2487 eoncordia
771 2424 865 2487 ferre:

121 2529 189 2590 spes
210 2517 238 2571 et
258 2509 353 2589 pacis'
376 2511 423 2570 ait.
468 2518 531 2571 tum
553 2511 673 2571 numina
693 2516 791 2571 sancta
810 2526 969 2588 precamur

122 2595 246 2656 Palladis
268 2596 446 2664 armisonae,
471 2613 546 2674 quae
565 2597 662 2674 prima
683 2594 796 2672 accepit
817 2594 943 2663 ovantis,

121 2685 150 2740 et
171 2680 263 2758 capita
282 2685 349 2740 ante
374 2696 440 2740 aras
460 2679 588 2759 Phrygio
609 2678 740 2740 velamur
758 2679 880 2748 amictu,

121 2763 343 2842 praeceptisque
363 2762 480 2832 lleleni,
503 2764 624 2825 dederat
642 2781 717 2842 quae
739 2763 884 2831 maxima,
907 2763 962 2822 rite

122 2845 225 2906 lunoni
246 2848 368 2922 Argivae
389 2848 484 2908 iussos
506 2846 657 2909 adolemus
678 2847 815 2908 honores.

121 2929 192 2988 haut
206 2939 311 2998 mora,
331 2932 468 2991 contiuuo
487 2931 626 3008 perfectis
646 2930 749 2991 ordine
770 2931 843 2990 votis

122 3029 231 3072 cornua
251 3010 411 3074 velatarum
433 3012 610 3076 obvertimus
632 3022 835 3076 antemnarum

121 3095 378 3175 Graiugenumque
401 3097 504 3159 domos
523 3107 716 3176 suspectaque
738 3096 896 3175 linquimus
920 3112 996 3156 arva.

121 3180 189 3240 hinc
207 3181 287 3242 sinus
309 3179 462 3251 Herculei,
487 3184 511 3243 si
532 3200 600 3244 vera
622 3182 778 3249 estium,
801 3180 916 3240 Tarenti

121 3263 265 3334 cernitur,
289 3265 392 3326 attollit
413 3283 445 3327 se
466 3265 530 3328 diva
550 3266 666 3327 Lacinia
689 3273 791 3326 eontra

121 3346 315 3426 Caulonisque
335 3367 418 3410 arces
438 3356 468 3411 ct
487 3350 670 3429 navifragum
686 3348 865 3429 Scylaceum.

121 3438 183 3492 lum
205 3430 309 3509 procul
331 3451 347 3493 e
367 3433 458 3494 ssuctu
480 3435 631 3496 Trinacria
652 3433 782 3496 cernitur
801 3433 908 3501 Aetna,

122 3522 150 3577 et
171 3516 311 3594 gemitum
333 3517 480 3593 ingentem
498 3517 594 3597 pelagi
613 3518 785 3596 pulsataque
806 3532 874 3575 sexa
