2512 4096
467 279 610 329 voutam
632 280 757 329 AENEIS
780 282 834 328 1111

134 438 266 500 Maeonia
289 443 420 497 mentum
440 435 527 495 mitra
545 434 715 514 crinemque
733 422 899 498 madentem
1163 495 1171 516 ,Ι

84 592 86 596 ,
135 520 301 589 stabamus,
323 525 407 599 rapto
429 520 553 598 potitur:
580 534 636 577 nos
657 536 781 580 monera
800 517 917 598 templis

136 605 245 689 quippe
265 604 323 665 tuis
343 602 464 664 ierimus
485 601 652 680 famamque
671 601 804 663 fovemus
825 603 970 664 inanem'
1117 528 1242 680 Ns

105 662 165 780 d*
176 685 296 749 Talibus
318 692 451 747 orantem
469 685 553 747 dictis
575 702 700 766 arasque
715 692 865 748 tenentem

136 771 226 833 audiit
243 766 443 848 omnipotens,
463 767 622 846 oculosque
643 769 681 830 ad
696 770 814 830 moenia
832 771 917 831 torsit
1107 780 1159 834 2²0
1200 801 1203 804 >

135 855 216 934 regia
237 861 267 915 et
289 851 394 913 oblitos
414 852 510 927 famae
529 851 659 914 melioris
679 854 812 914 amantis.
1172 855 1175 872 ⁴
1199 850 1211 880 ⁶

134 945 199 1000 tum
220 937 263 999 sie
283 935 464 998 Mercurium
483 935 651 1015 adloquitur
671 954 706 999 ac
723 936 790 998 talia
811 937 945 998 mandat:

153 1020 224 1083 rade
245 1038 314 1099 age,
334 1026 416 1090 nate,
437 1037 510 1081 roca
527 1019 671 1099 zephyros
690 1029 720 1082 et
740 1019 842 1082 labere
862 1021 974 1098 pinnis,

136 1103 372 1181 Dardaniumque
388 1102 510 1174 ducem,
532 1103 620 1183 Tyria
637 1104 817 1184 Karthagine
837 1105 886 1184 qui
905 1121 985 1165 nunc

139 1193 272 1264 expectat
291 1185 415 1266 fatisque
436 1186 518 1248 datas
537 1205 599 1248 noa
617 1190 737 1266 respicit
755 1187 860 1258 urbes,
1107 1197 1159 1251 2²5

138 1269 297 1348 adloquere
317 1276 346 1331 et
364 1270 468 1332 celeris
487 1271 569 1332 defer
589 1289 656 1332 mea
675 1271 753 1333 dicta
773 1288 828 1349 per
847 1288 944 1332 auras.

138 1369 198 1415 uon
219 1352 301 1414 illum
320 1356 453 1433 genetrix
472 1354 558 1414 nobis
579 1354 777 1432 pulcherrima
797 1352 885 1415 talem

137 1438 271 1517 promisit
293 1436 473 1516 Graiumque
492 1437 561 1498 ideo
581 1437 627 1498 bis
648 1439 775 1499 vindicat
795 1438 900 1506 armis;

137 1520 189 1582 sed
210 1520 275 1582 iore
297 1522 346 1599 qui
368 1521 517 1598 gravidam
537 1522 669 1599 imperiis
690 1520 749 1582 bell
848 1521 893 1583 fre
1194 1594 1200 1607 ,

136 1603 246 1666 Italiam
269 1612 402 1682 regeret,
426 1622 519 1683 genus
541 1603 600 1666 alto
621 1623 638 1666 a
659 1605 801 1683 magnino
884 1607 932 1675 cri
1048 1646 1050 1651 .
1107 1615 1160 1671 Ἀθ

136 1688 291 1766 proderet,
314 1706 348 1749 ae
369 1695 463 1750 totum
484 1689 539 1753 sub
560 1688 640 1768 leges
661 1691 789 1759 mitteret
809 1689 922 1751 orbem.

136 1772 162 1834 si
179 1771 260 1833 nulla
281 1771 414 1834 accendit
432 1780 579 1835 tantarum
600 1774 692 1853 gloria
714 1791 817 1836 rerum

135 1872 191 1916 nec
208 1873 299 1933 super
322 1856 384 1933 ipse
406 1873 459 1918 sua
478 1857 597 1919 molitur
616 1857 703 1919 laude
724 1856 870 1925 laborem,

137 1938 300 1998 Ascanione
317 1945 402 2015 pater
422 1939 569 2001 Romanas
588 1942 697 2002 invidet
717 1939 821 2000 arces?

137 2020 207 2097 qnid
227 2020 331 2081 sumat
353 2028 403 2081 aut
423 2039 480 2098 qua
499 2040 568 2101 spe,
590 2024 706 2084 inimica
723 2024 870 2098 ingente,
890 2021 1040 2081 moraturi
1107 2031 1158 2085 ²35

138 2099 209 2180 [nec
235 2100 350 2178 prolem
369 2102 528 2164 Ausoniam
550 2113 578 2165 et
598 2105 715 2166 Lavinia
738 2104 858 2181 respicit
876 2101 970 2183 arra].

136 2184 271 2326 ambiget:
287 2182 577 2327 thaeefflsummtraiscsm
599 2187 648 2284 hic
668 2188 763 2246 nostri
783 2187 903 2329 nortliuts
919 2185 1007 2246 esto.'
1079 2236 1081 2241 ,

205 2283 309 2327 mera.
384 2284 459 2344 epa
531 2287 579 2329 ma
671 2286 756 2330 arere
795 2286 844 2329 ara
868 2287 884 2329 a
911 2280 924 2294 “

137 2350 277 2428 imperio:
301 2357 330 2411 et
349 2350 480 2428 primum
501 2286 630 2430 pedihqqasr
646 2287 748 2414 tldlaria
768 2286 859 2414 demit

138 2451 239 2502 aurea,
263 2451 339 2512 quae
360 2431 517 2496 sublimem
538 2433 590 2496 alis
611 2438 672 2498 sive
690 2455 820 2516 aequora
834 2454 924 2515 supra
1105 2449 1158 2502 240

137 2534 190 2578 seu
208 2525 318 2578 terram
337 2516 441 2596 rapido
465 2507 577 2598 pariter
598 2538 666 2582 eum
687 2520 804 2584 flamine
823 2527 949 2599 portant

137 2607 200 2661 tum
221 2601 331 2679 virgam
355 2603 447 2679 capit:
468 2602 525 2664 hac
545 2605 656 2666 animas
675 2604 723 2666 ille
740 2611 841 2667 avocat
859 2603 938 2667 Oreo

136 2683 284 2762 pallentis,
307 2683 378 2745 alias
395 2684 450 2746 sub
473 2685 596 2754 Tartara
616 2690 708 2750 tristia
729 2689 833 2760 mittit,

137 2767 187 2828 dat
207 2785 326 2828 somnos
346 2767 519 2849 adimitque,
543 2779 572 2832 at
593 2770 702 2833 lumina
723 2769 819 2833 morte
838 2773 976 2848 resignat.
989 2757 1044 2844 d·

136 2849 185 2910 illa
203 2850 296 2912 fretus
318 2852 377 2928 agit
399 2861 517 2924 ventos,
541 2862 571 2916 et
591 2855 708 2916 turbida
726 2862 823 2916 manat
1104 2864 1156 2917 aaa

137 2931 245 2994 nubila.
287 2935 404 3014 iamque
424 2935 524 2997 volans
547 2940 660 3015 apicem
682 2945 713 2999 et
729 2936 821 2999 latera
842 2937 934 2999 ardua
946 2939 1046 3019 'cermt

137 3012 258 3076 Atlantis
279 3015 360 3087 duri,
384 3020 497 3080 caelum
518 3023 694 3100 quitertiae
715 3020 809 3090 fulcit,
820 3016 943 3077 fs

84 3177 92 3185 ‘
116 3098 273 3169 atlantis,
297 3101 424 3163 cinctum
445 3103 566 3166 adsidue
584 3106 632 3166 cui
652 3103 781 3165 nubibus
802 3105 872 3165 atris

136 3184 293 3262 piniferum
313 3192 446 3264 caputet
466 3195 552 3250 vento
571 3187 703 3267 pulsatur
725 3195 754 3249 et
773 3187 875 3258 imbri,

136 3267 186 3327 nix
206 3285 325 3329 umeros
345 3269 440 3332 infusa
462 3272 548 3350 tegit,
570 3279 633 3332 tum
650 3270 770 3332 flumina
791 3279 891 3333 mento
1104 3277 1155 3332 250

135 3351 328 3430 praecipitant
350 3354 442 3423 senis,
466 3361 495 3417 et
518 3354 616 3432 glacie
630 3354 845 3431 rigevhorrida
866 3355 968 3417 barba.

136 3431 184 3493 hic
203 3434 330 3510 primum
350 3437 471 3513 paribus
490 3439 597 3499 nitens·
608 3436 753 3516 Cyllenius
772 3439 824 3501 ahs

135 3515 278 3583 ceratitim
300 3515 368 3577 hinc
385 3524 445 3578 toto
466 3537 610 3598 praeceps
631 3538 663 3580 sc
684 3539 810 3600 corpore
828 3522 864 3582 ad
887 3522 981 3584 undas
1059 3530 1064 3535 '
1094 3596 1096 3601 ,
