2512 4096
441 283 585 332 vnnurur
606 283 744 332 nodosa
767 285 816 331 vn
1093 273 1130 333 lo

250 440 373 503 iloribus
395 440 569 519 atqueapio
592 440 681 499 crinis
703 444 823 498 ornatus
845 456 945 498 amaro

248 524 367 585 dixerit:
393 523 457 583 'hos
480 522 531 582 tihi
553 522 623 581 dant
645 521 787 591 calamos,
810 538 847 581 en
855 523 976 598 accipe,
1000 540 1110 593 musae,

248 609 376 668 Ascraeo
398 625 473 685 quos
495 612 562 665 ante
584 606 660 674 seni,
683 604 789 685 quibus
811 603 859 665 ille
880 604 992 665 solebat
1098 615 1134 671 to

249 691 392 770 cantando
413 689 521 765 rigidas
543 689 690 749 deducere
710 687 859 748 montibus
881 705 979 749 ornos.
1106 699 1118 712 ⁶

249 774 295 833 his
317 775 369 833 tihi
391 773 498 852 Grynei
519 773 649 832 nemoris
671 772 784 832 dicatur
807 773 898 849 origo,

249 874 287 917 ne
309 858 375 934 quis
397 858 433 916 sit
454 856 552 925 lucus,
576 873 633 933 quo
656 873 688 915 se
709 855 776 932 plus
798 856 885 916 iactet
905 855 1029 932 Apollo!

249 938 323 1009 Quid
345 939 463 1019 loquar,
487 947 537 999 aut
558 938 683 1018 Scyllam
704 939 775 1008 Nisi,
799 957 885 1017 quam
907 939 984 1007 lama
1006 947 1132 1001 secutast

249 1023 372 1084 candida
393 1024 572 1083 succinctam
593 1021 767 1083 latrantibus
789 1023 907 1100 inguina
929 1025 1068 1084 monstris
1097 1034 1132 1090 75

247 1107 394 1169 Dulichias
415 1124 535 1167 vexasse
556 1112 635 1167 rates
657 1113 686 1166 et
707 1106 821 1184 gurgite
842 1107 872 1166 iu
894 1105 951 1165 alto

249 1192 277 1250 a!
300 1192 416 1250 timidos
437 1197 540 1250 nautas
563 1189 683 1251 canihus
704 1189 850 1250 lacerasse
871 1189 1007 1250 marinis:

250 1279 299 1332 aut
319 1280 352 1333 ut
372 1279 498 1333 mutatos
519 1273 605 1334 'lerei
627 1273 789 1333 narraverit
810 1278 899 1342 artus,

250 1373 322 1434 quas
343 1355 388 1415 illl
404 1354 564 1416 Philomela
585 1356 689 1433 dapes,
713 1372 788 1435 quae
810 1354 886 1415 dona
907 1357 1026 1432 pararit,

250 1457 307 1517 quo
330 1457 419 1500 cursu
441 1438 556 1499 deserta
577 1439 723 1517 petiverit,
747 1445 774 1498 et
797 1437 903 1517 quibus
924 1438 981 1500 alte
1097 1453 1131 1508 su

248 1521 347 1583 infelix
369 1539 422 1582 sua
443 1528 519 1582 tecta
542 1540 630 1600 super
652 1522 811 1582 volitaverit
832 1521 906 1582 alisi

248 1605 367 1676 Omnia,
388 1623 466 1684 quae
487 1605 607 1666 Phoebo
630 1605 776 1684 quondam
797 1606 954 1667 meditante
975 1607 1079 1670 heatus

248 1689 338 1750 audiit
358 1689 485 1750 Eurotas
506 1689 646 1768 iussitque
668 1689 798 1749 ediscere
820 1687 927 1759 lauros,

179 1794 235 1836 ao·
248 1772 296 1834 ille
318 1775 394 1834 canit
417 1771 528 1851 (pulsae
549 1773 682 1833 referunt
704 1772 741 1832 ad
763 1773 859 1834 sidera
880 1771 987 1853 valles),

248 1874 354 1935 cogere
376 1856 470 1917 donec
493 1874 561 1916 oves
582 1855 703 1917 stabulis
725 1873 938 1935 numerumque
959 1857 1066 1918 relerri
1097 1870 1131 1926 85

248 1942 330 2001 iussit
352 1946 381 2000 et
402 1941 490 2000 invito
513 1942 656 2017 processit
676 1938 787 2016 Vesper
809 1938 941 2018 Olympo.

531 2120 730 2130 -—-————

588 2277 668 2364 VII

347 2426 537 2475 monos.
575 2426 729 2475 conmori.
766 2426 911 2476 rmus.

197 2584 199 2587 .
249 2523 292 2583 M.
316 2523 405 2585 Forte
427 2522 481 2585 suh
504 2530 606 2601 arguta
629 2524 802 2585 consederat
822 2523 886 2586 ilice
909 2524 1046 2604 Daphnis,

252 2607 511 2688 compulerantque
525 2624 632 2684 greges
648 2608 783 2686 Corydon
804 2615 832 2669 et
847 2609 968 2688 Thyrsis
984 2612 1014 2671 in
1030 2630 1129 2685 unum,

248 2689 368 2770 Thyrsis
390 2710 473 2762 oves,
497 2691 631 2771 Corydon
653 2693 793 2752 distentas
814 2692 889 2753 lacte
912 2693 1046 2770 capellas,

249 2774 335 2835 ambo
357 2776 496 2836 llorentes
517 2774 673 2844 aetatibus,
696 2775 825 2836 Arcades
847 2775 943 2846 ambo,
1002 2779 1008 2800 “

249 2863 278 2918 et
299 2865 416 2920 cantare
437 2876 524 2936 pares
545 2865 574 2919 et
595 2858 777 2936 respondere
798 2861 899 2937 parati.
1114 2876 1131 2927 5

249 2940 308 3001 huc
329 2942 415 3012 mihi,
439 2941 508 3002 dum
531 2949 646 3003 teneras
668 2940 793 3002 delendo
816 2960 832 3002 a
854 2943 963 3020 frigore
984 2952 1103 3023 myrtos,

250 3025 292 3084 vir
306 3026 404 3103 gregis
420 3026 484 3100 ipse
501 3042 589 3102 caper
608 3026 810 3094 deerraverat;
826 3031 912 3105 atque
924 3043 978 3103 ego
987 3026 1130 3105 Daphnim

250 3108 367 3184 aspicio.
412 3107 460 3168 ille
481 3107 532 3168 uhi
553 3126 600 3169 me
622 3114 723 3169 contra
746 3107 838 3179 videt,
862 3108 961 3170 ‘ocius’
983 3112 1076 3189 inquit

250 3190 317 3252 ‘huo
332 3191 416 3261 ades,
440 3209 457 3251 o
479 3190 635 3260 hlelihoee;
659 3208 747 3268 caper
768 3191 821 3251 tihi
842 3191 936 3253 salvos
959 3200 987 3254 et
1008 3194 1108 3264 haedi;

250 3280 278 3336 ct
299 3275 393 3353 siquid
417 3292 533 3336 cessare
554 3282 651 3353 potes,
674 3278 826 3354 requiesce
847 3277 901 3337 sub
925 3275 1039 3336 umbra.
1099 3289 1132 3340 lo

252 3357 309 3419 huc
330 3360 385 3436 ipsi
407 3365 507 3436 potum
529 3361 644 3420 venient
665 3375 719 3436 per
740 3366 823 3436 prata
844 3361 973 3428 iuvenci;

248 3440 296 3500 hic
316 3442 415 3503 viridis
437 3449 537 3504 tenera
558 3444 702 3520 praetexit
723 3441 885 3504 harundine
907 3444 985 3519 ripas

248 3523 384 3596 Mincius,
408 3544 482 3604 eque
503 3544 587 3588 sacra
609 3532 750 3587 resonant
771 3527 902 3587 examina
924 3524 1054 3604 quercu·
