2512 4096
201 249 258 314 164
526 257 671 306 vnnonn
685 257 810 306 nnunrs
828 258 883 305 1111

200 417 339 496 carpebat
357 429 476 478 somnos
496 414 587 476 rebus
609 416 666 475 iam
688 415 743 475 rite
763 416 881 492 paratis.

198 501 267 564 huic
286 519 317 562 se
336 500 430 561 forma
452 499 498 561 dci
518 498 599 562 voltu
620 498 769 560 redeuntis
793 499 895 559 eodem

199 586 303 664 optulit
323 586 353 645 in
375 584 485 645 somnis
502 599 666 663 rursusque
687 584 725 642 ita
744 583 805 642 visa
826 591 988 650 monerem,

199 670 296 730 omnia
316 668 462 729 Mercurio
485 666 602 738 similis,
624 684 784 744 vocemque
808 665 996 745 coloremque

200 754 228 814 et
250 754 339 814 crinis
360 752 450 813 llavos
475 759 503 813 et
522 750 655 813 membra
676 750 783 811 decora
802 750 950 811 iuventae:

200 843 282 897 ‘nate
304 837 372 905 dea,
393 843 476 914 potes
495 836 552 897 boc
572 834 627 895 sub
652 851 721 895 casu
743 834 851 894 ducere
870 851 1004 903 somnos,
1171 850 1221 902 560

197 937 254 981 ncc
276 937 352 997 quae
373 927 402 980 te
424 921 536 979 circum
556 925 633 979 stent
655 918 758 979 deinde
781 916 910 995 pericula
933 920 1044 987 cernis,

198 1003 335 1074 demens,
354 1021 410 1064 nec
430 1003 573 1082 zephyros
593 1002 675 1063 audis
693 1003 805 1080 spirare
825 1001 988 1062 secundos?

198 1087 246 1147 illa
268 1087 351 1148 dolos
374 1086 530 1165 dirumque
549 1086 632 1146 ueias
650 1087 679 1146 in
701 1093 822 1164 pectore
843 1092 955 1153 versat,

199 1180 278 1232 certa
302 1172 391 1242 mori,
413 1171 567 1249 variosque
584 1171 697 1231 irarum
720 1170 845 1233 concitat
866 1174 971 1230 aestus.

198 1272 257 1315 non
277 1256 353 1332 iugis
374 1254 444 1315 hinc
464 1271 622 1334 praeceps,
647 1253 717 1314 dum
739 1254 933 1331 praecipitare
951 1256 1099 1330 potestas?
1167 1268 1217 1321 565

198 1339 256 1399 iam
279 1357 361 1400 mare
383 1337 497 1399 turbari
518 1336 652 1398 trabibus
674 1355 833 1416 saevasque
853 1337 965 1397 ridebis

199 1421 358 1484 conlucere
380 1422 472 1491 faces,
493 1423 551 1483 iam
572 1421 687 1483 icrvere
707 1419 740 1481 lit
728 1428 793 1482 tora
814 1419 954 1488 llammis,

199 1507 223 1565 si
243 1513 272 1566 te
290 1506 336 1566 his
354 1506 482 1584 attigerit
503 1507 590 1566 terris
611 1505 725 1566 lituora
747 1512 921 1566 morantem

199 1589 264 1650 beia
287 1608 356 1668 age,
379 1607 486 1668 rumpe
505 1607 612 1650 moras.
656 1589 769 1680 varium
791 1597 820 1650 et
842 1586 981 1649 mutabile
1003 1607 1121 1667 semper

199 1671 331 1733 lomina?
375 1674 418 1733 sic
440 1674 515 1733 latus
535 1675 663 1734 noctise
684 1663 831 1734 inmiscuit
852 1678 941 1733 atrae.
1166 1685 1218 1738 570

240 1755 316 1818 Tum
337 1774 406 1817 vero
428 1757 541 1817 Aeneas
558 1755 661 1818 subitis
683 1758 838 1818 exterritus
854 1755 967 1816 umbris

200 1841 322 1917 corripit
343 1859 359 1902 e
378 1858 481 1901 somno
505 1857 612 1919 corpus
633 1841 787 1920 sociosque
807 1839 921 1916 fatigat:

198 1925 389 2002 ‘praecipites
403 1923 531 2004 vigilate,
556 1925 625 1993 viri,
650 1934 679 1984 ct
696 1923 837 1984 considite
856 1925 1007 1991 transtris;

198 2007 300 2069 solvite
321 2005 384 2068 vela
408 2010 465 2069 citi.
511 2008 584 2070 deus
604 2007 723 2069 aethere
744 2008 851 2069 missus
862 2007 905 2067 'ab
927 2007 983 2068 alto

198 2091 337 2152 festinare
358 2091 457 2170 lugam
478 2099 631 2171 tortosque
648 2091 779 2152 incidere
800 2091 878 2153 lunis

199 2192 268 2236 ecce
288 2176 396 2236 iterum
418 2175 556 2237 stimulat.
600 2177 751 2255 sequimur
773 2182 818 2246 te,
841 2183 941 2236 sancte
963 2177 1102 2244 deorum,

199 2258 331 2338 quisquis
352 2277 397 2328 cs,
421 2261 602 2339 imperioque
624 2261 731 2321 iterum
749 2277 888 2338 paremus
909 2267 1035 2320 ovantes.

198 2340 275 2402 adsis
297 2359 315 2401 o
333 2341 523 2424 placidusque
543 2346 625 2406 iures
647 2352 677 2404 et
697 2344 794 2405 sidera
815 2343 895 2405 caelo

199 2425 301 2486 dextra
324 2425 427 2487 ieras'
469 2428 541 2488 dixit
561 2431 723 2506 vaginaque
744 2427 831 2504 eripit
850 2444 950 2487 ensem

197 2508 371 2572 fulmineum
391 2513 550 2590 strictoque
572 2511 639 2573 ierit
659 2508 821 2571 retinacula
842 2509 931 2571 ferro.

197 2591 275 2653 idem
296 2595 391 2655 omnis
408 2593 494 2655 simul
515 2594 606 2654 ardor
626 2591 731 2662 babet,
758 2593 933 2671 rapiuntque
955 2603 1117 2673 ruuntque:

197 2675 284 2737 litora
299 2677 481 2748 deseruere,
499 2674 645 2737 latet'sub
667 2674 809 2737 classibus
827 2694 954 2756 aequor,

198 2759 296 2820 adnixi
312 2764 452 2838 torquent
470 2776 589 2837 spumas
611 2766 639 2821 et
658 2759 776 2820 caerula
795 2768 924 2821 verrunt

240 2841 354 2904 Etiam
375 2844 470 2920 prima
488 2859 564 2902 novo
585 2842 742 2925 spargebat
762 2842 872 2905 lumine
892 2851 985 2905 terras

197 2926 316 2987 Tithoni
338 2943 476 2986 croceum
494 2924 629 3006 linquens
638 2927 752 2988 Aurora
773 2913 878 2989 cubile

197 3010 300 3087 regina
322 3027 339 3070 e
360 3008 487 3088 speculis
507 3018 541 3071 ut
559 3014 686 3091 primam
711 3011 862 3073 albescere
883 3011 979 3073 lucem

197 3091 268 3151 vidit
288 3099 317 3153 et
339 3094 468 3172 aequatis
489 3093 610 3158 classem
630 3097 794 3194 procedere
812 3095 883 3156 velis

197 3173 342 3255 litoraque
362 3184 391 3236 ct
413 3195 519 3238 vacuos
541 3181 631 3241 sensit
653 3180 716 3240 sine
737 3181 849 3256 remige
870 3188 989 3256 portus

196 3267 301 3337 terque
321 3266 484 3340 quaterque
503 3280 593 3322 manu
611 3267 714 3341 pectus
734 3279 874 3339 percussa
894 3263 1033 3323 decorum

197 3341 389 3422 tlarcutisquc
410 3343 537 3405 abscissa
559 3362 658 3406 comas
681 3355 752 3423 pro
773 3345 990 3424 luppitcrlt
938 3345 990 3407 ibit

198 3424 261 3486 hic'
283 3427 323 3486 ait
343 3434 387 3489 ‘et
408 3428 516 3486 nostris
536 3427 671 3489 inluserit
690 3427 802 3489 advena
823 3431 940 3508 regnisi

198 3526 258 3569 non
279 3526 361 3570 arma
383 3509 537 3588 expedient
557 3517 678 3590 totaque
700 3531 736 3573 ex
757 3511 832 3574 urbe
853 3523 1027 3592 sequentur.
