2512 4096
405 266 549 316 veroum
570 267 726 316 enuu1s1
751 318 756 328 ,
1012 254 1071 318 105

59 423 202 485 mirontm
225 422 302 482 dona
322 422 452 491 Aeneae,
477 423 620 483 mirantur
640 421 736 483 lulum

56 505 267 585 flagrantisque
289 505 336 566 dci
357 503 452 567 voltus
474 505 667 584 simulataque
690 503 788 564 verba.
879 560 882 565 ,
1020 515 1073 570 710

58 588 241 669 [pallamque
260 597 289 649 ct
307 590 418 666 pictum
439 606 546 650 croceo
568 587 701 650 velamen
723 587 873 668 cornihe]

55 670 254 754 *[praecipue
274 670 391 737 infelix,
414 671 491 748 pesti
515 669 619 730 devota
640 673 767 742 suturae,

58 754 172 835 expleri
190 763 319 817 mentem
341 757 443 834 nequit
463 756 647 834 ardescitque
667 755 778 817 tuendo

56 838 232 908 Phoenissa,
252 846 282 900 et
303 842 413 917 pariter
430 857 524 917 puero
543 840 685 918 donisque
702 838 858 924 moretum]

57 922 107 996 ille
124 921 177 984 ubi
199 923 354 1000 complexu
372 923 488 984 Aeneae
510 922 644 1002 colloque
665 922 803 1001 pependit

58 1013 87 1067 et
107 1023 248 1084 magnum
267 1006 331 1067 falsi
353 1006 473 1085 inplevit
494 1008 634 1084 genitoris
656 1024 802 1076 amorem,

44 1091 190 1169 'reginam
211 1092 292 1167 petit.
336 1091 410 1152 hacc
433 1089 541 1160 oculis,
560 1091 635 1151 haec
655 1098 775 1168 pectore
797 1099 859 1150 toto
920 1141 922 1145 .

55 1173 159 1234 haeret
179 1180 208 1233 et
229 1174 377 1234 interdum
396 1175 509 1251 gremio
531 1174 625 1242 fovet,
647 1176 737 1234 inscia
759 1173 847 1240 Dido,

56 1256 163 1318 insidat
183 1265 309 1335 quantus
328 1259 453 1318 miserae
475 1257 557 1318 deus.
601 1266 630 1316 at
650 1275 764 1317 mernor
781 1255 828 1316 ille

57 1341 159 1400 matris
179 1339 325 1400 Acidaliae
345 1340 485 1418 paulatim
506 1340 625 1401 abolere
647 1340 809 1420 Sychaeum

56 1423 174 1501 incipit,
197 1431 225 1484 et
245 1425 309 1484 vivo
328 1430 450 1501 temptat
472 1435 660 1502 praevertere
682 1440 783 1484 amore

57 1506 249 1584 iampridem
271 1508 384 1569 resides
406 1508 518 1567 animos
540 1507 718 1586 desuetaque
742 1507 840 1568 corda.

97 1589 257 1668 Postquam
277 1592 371 1669 prima
391 1592 474 1669 quies
496 1589 604 1669 epulis,
627 1607 803 1670 mensaeque
825 1602 955 1655 remotae

58 1680 192 1735 crateras¹
208 1691 330 1755 magnos
353 1681 484 1735 statuunt
507 1683 535 1736 et
557 1676 623 1735 vina
645 1684 795 1735 coronant.

57 1757 79 1816 it
100 1757 240 1835 strepitus
261 1760 345 1818 tectis
363 1776 524 1837 vocemque
545 1776 601 1838 per
622 1757 717 1837 ampla
739 1758 870 1820 volutant
958 1811 961 1817 .

57 1840 146 1909 atria;
170 1840 337 1918 dependent
353 1840 466 1920 lychini
475 1840 662 1920 laquearibus
682 1844 779 1905 aureis

57 1923 182 1992 incensi,
204 1931 234 1984 et
256 1931 374 1984 noctem
396 1924 520 1986 llammis
541 1925 649 1986 funalia
671 1927 798 1986 vincunt.

25 2085 29 2089 Ι
57 2005 106 2067 hic
126 2006 228 2083 regina
249 2025 369 2084 gravem
392 2008 514 2086 gemmis
534 2026 665 2087 auroque
687 2011 820 2087 poposcit

57 2088 245 2167 implevitque
265 2108 349 2152 mero
370 2098 517 2170 pateram,
540 2110 627 2170 quam
643 2090 732 2152 Belus
755 2102 784 2152 et
804 2110 906 2152 omnes

57 2191 74 2234 a
95 2171 168 2234 Belo
191 2173 280 2243 soliii;
301 2182 365 2234 tum
386 2175 461 2234 lacta
483 2174 597 2237 silentia
615 2177 713 2236 tectis:

56 2256 220 2335 ‘luppiter,
239 2257 403 2336 hospitibus
425 2275 494 2318 nam
517 2265 544 2319 te
563 2258 634 2318 dare
655 2259 719 2317 iura
741 2257 892 2328 locuntur,

56 2339 136 2401 bunc
157 2338 265 2401 laetum
287 2341 440 2421 Tyriisque
461 2341 538 2401 diem
559 2340 704 2419 Troiaque
725 2341 864 2419 proiectis

57 2441 122 2484 esse
142 2422 229 2494 velis,
248 2431 424 2503 nostrosque
446 2424 536 2485 huius
554 2425 721 2486 meminisse
742 2425 879 2486 minores,

57 2506 131 2568 adsit
151 2506 277 2569 laetitiae
291 2507 426 2569 Bncchus
445 2509 528 2569 dator
552 2517 580 2570 et
598 2508 675 2569 bona
696 2508 786 2576 Iuno;

57 2598 85 2650 et
107 2607 195 2649 roso
218 2597 349 2659 coetum,
374 2591 469 2670 Tyrii,
493 2591 639 2654 celebrate
661 2592 813 2653 faventes!

57 2674 141 2742 dixit,
166 2675 246 2735 etin
268 2692 399 2735 mensam
422 2675 540 2736 leticum
561 2675 659 2736 libavit
680 2677 837 2745 honorem,

55 2758 209 2836 primaque
230 2756 318 2818 libato
342 2777 456 2819 summo
478 2767 565 2820 tenus
587 2761 680 2836 attigit
698 2778 766 2828 ore;

55 2848 120 2900 tum
140 2840 233 2910 Bitiae
252 2840 331 2909 dedit
352 2843 546 2920 increpitans;
569 2841 617 2904 ille
637 2845 751 2922 inpiger
771 2844 866 2903 hausit

56 2931 241 3000 spumantem
262 2931 407 3002 pateram,
432 2933 461 2986 ct
480 2925 567 3004 pleno
586 2944 618 2986 se
641 2927 749 3004 proluit
768 2945 853 2994 auro;

55 3011 121 3084 post
140 3005 188 3067 alii
209 3025 359 3085 proceres.
404 3009 514 3069 cithara
537 3010 657 3069 crinitus
677 3010 762 3087 lopas
1020 3019 1072 3074 740

54 3100 194 3168 personat
215 3099 330 3160 aurata,
352 3093 450 3152 docuit
468 3111 556 3170 quem
578 3093 720 3151 maximus
742 3093 849 3152 Atlans,

55 3173 103 3234 hic
122 3175 199 3234 canit
222 3183 369 3236 errantem
391 3173 491 3236 lunam
513 3174 641 3251 solisque
665 3175 797 3246 labores,

54 3256 134 3318 unde
154 3256 314 3319 hominum
328 3277 420 3337 genus
439 3267 468 3320 et
488 3258 631 3337 pecudes,
655 3260 732 3320 unde
756 3259 850 3320 imber
872 3271 901 3322 ct
923 3260 1020 3338 ignes,

54 3348 206 3402 arcturum
228 3340 398 3420 pluviasque
419 3343 528 3422 hyadas
550 3343 740 3422 geminosque
761 3343 883 3414 triones,

54 3424 124 3502 qnid
146 3431 259 3485 tantum
283 3424 399 3486 Oceano
421 3434 583 3504 properent
600 3444 632 3487 sc
652 3428 785 3505 tinguere
805 3425 881 3488 soles
1019 3436 1069 3491 745

55 3507 188 3578 hiberni,
211 3507 257 3568 vel
283 3525 357 3586 quae
379 3509 471 3569 tardis
494 3525 577 3569 mora
599 3509 734 3570 noctibus
755 3510 859 3571 obstet.
