2512 4096
434 225 577 274 nuum
598 223 740 272 moon
761 225 813 271 vn

243 382 312 462 quid
334 381 480 442 tamem?
501 397 597 458 neque
619 395 675 456 ego
688 377 830 456 Alcippen
856 380 1065 533 ”mm
1085 380 1129 440 ha

247 546 386 626 depulsos
406 565 424 607 a
445 545 521 607 lacte
542 546 621 606 domi
642 563 718 622 quae
738 544 890 606 clauderet
910 565 1024 624 agnem
1102 559 1129 610 15

123 664 134 676 ·
246 642 276 693 et
296 640 446 693 certamen
468 636 533 690 erat
554 628 688 706 Corydon
710 647 778 688 cum
796 629 941 706 Thyrside
961 647 1111 707 mum

125 762 133 777 ,
250 715 408 794 posthabui
429 722 527 774 tamen
548 711 665 772 illorum
686 730 752 771 mea
773 714 850 772 seria
871 713 951 774 ludo.

246 799 368 861 alternis
389 800 476 876 igitur
498 795 677 857 contendere
697 795 831 855 versibus
852 797 940 856 amho

246 900 389 961 coepere;
412 880 542 941 alternos
563 897 664 940 musae
685 880 852 939 meminisse
873 879 1021 941 volebant

245 967 301 1028 hos
323 964 474 1043 Corydon,
496 963 562 1024 illos
582 959 730 1024 referebat
751 964 780 1023 in
802 962 906 1024 ordine
926 963 1061 1043 Thyrsis.
1100 975 1130 1025 to

286 1049 317 1110 0.
340 1047 507 1128 Nymphae,
528 1054 629 1107 noster
650 1063 750 1115 amor,
768 1045 969 1116 Libethrides,
992 1056 1046 1108 aut
1065 1047 1130 1107 mihi

887 1148 1009 1192 carmen

204 1214 334 1298 ‘quale
354 1233 422 1278 meo
445 1214 542 1277 Codro
565 1213 716 1274 concedite
738 1212 880 1291 (proxhna
901 1214 1016 1275 Phoebi

246 1301 381 1363 versibus
402 1299 451 1360 ille
472 1300 551 1377 lacit)
574 1304 637 1366 aut,
660 1299 765 1357 sinon
787 1315 944 1375 possumus
964 1315 1080 1367 omnes,

248 1385 297 1445 hic
319 1394 422 1463 arguta
444 1401 528 1445 sacra
551 1381 690 1458 pendebit
710 1381 807 1443 ustula
828 1383 908 1459 pinu.

145 1472 150 1482 ‘
248 1468 281 1529 T.
304 1467 456 1537 Pastores,
479 1467 589 1527 hedera
611 1474 791 1526 crescentem
814 1474 917 1526 ornate
937 1473 1068 1544 poetam,
1102 1475 1131 1527 25

247 1550 393 1619 Arcades,
415 1551 520 1610 invidia
542 1557 715 1626 rumpantur
736 1557 769 1609 ut
789 1548 837 1611 ilia
859 1549 972 1618 Codro:

250 1643 315 1703 aut,
337 1635 362 1694 si
384 1632 460 1694 ultra
482 1632 621 1710 placitum
640 1632 781 1703 laudarit,
803 1632 929 1693 baccare
949 1634 1081 1693 frontem

250 1719 370 1795 cingite,
393 1734 431 1776 ne
452 1718 508 1775 vati
531 1725 634 1776 noceat
654 1717 728 1777 mala
749 1717 849 1792 lingua
871 1717 981 1777 futuro.

296 1802 326 1862 C.
349 1801 461 1860 Saetosi
483 1806 571 1876 caput
592 1800 648 1860 hoc
670 1802 733 1877 apri
753 1799 823 1870 tihi,
845 1798 942 1870 Delia,
965 1818 1076 1877 parvos

252 1892 281 1946 et
302 1902 419 1944 ramosa
441 1883 535 1944 Micon
557 1885 662 1944 vivacis
684 1902 795 1945 cornua
817 1885 905 1944 cervi.
1104 1893 1134 1947 3⁰

251 1970 275 2030 si
297 1970 449 2046 proprium
471 1967 528 2028 hoc
550 1968 650 2037 suerit,
673 1967 729 2029 levi
750 1968 787 2029 de
808 1985 956 2027 marmore
977 1972 1040 2026 tota

149 2110 158 2135 s
251 2055 375 2131 puniceo
398 2051 487 2113 stabis
509 2069 594 2112 suras
616 2053 728 2112 evincta
750 2042 903 2111 cothurno.

252 2137 285 2196 T.
310 2137 410 2197 Sinum
434 2136 517 2197 lactis
539 2143 568 2196 et
589 2136 662 2195 haec
684 2142 713 2194 te
734 2132 807 2204 liba,
828 2133 949 2211 Priape,
980 2135 1137 2212 quotannis

253 2229 406 2296 expectare
429 2229 473 2280 sat
495 2226 553 2280 est:
577 2227 676 2280 custos
698 2236 729 2278 es
751 2219 889 2295 pauperis
910 2217 998 2276 horti.

254 2317 332 2362 nuuc
347 2310 376 2362 te
390 2320 588 2364 marmoreum
603 2319 658 2380 pro
673 2309 805 2378 tempore
820 2302 960 2368 fecimus3
983 2306 1013 2360 at
1031 2308 1072 2370 tu,
1105 2311 1137 2363 35

254 2386 278 2444 si
301 2386 394 2446 fetura
417 2403 537 2463 gregem
560 2384 750 2461 suppleverit,
773 2402 880 2446 aureus
902 2390 973 2444 esto.

300 2468 331 2527 C.
355 2467 461 2528 Nerine
483 2467 616 2536 Galatea,
639 2467 737 2545 thymo
759 2468 829 2527 mihi
851 2466 964 2529 dulcior
985 2466 1108 2544 Hyblae,
1170 2474 1172 2478 ’

256 2550 406 2612 candidior
429 2552 541 2628 cycnis,
565 2549 674 2611 hedera
696 2551 873 2612 formonsior
895 2549 970 2619 alha,

255 2653 320 2696 curu
345 2636 470 2710 primurn
492 2635 566 2710 pasti
588 2641 721 2713 repetent
741 2635 914 2712 praesaepia
935 2629 1019 2700 tauri,

255 2720 338 2796 siqua
359 2718 400 2778 tui
422 2716 583 2794 Corydonis
604 2718 692 2778 hahet
713 2725 741 2779 te
763 2736 850 2789 cura,
874 2717 977 2778 venito.
1106 2727 1140 2779 40

151 2793 159 2817 ‘
261 2802 292 2862 Τ.
322 2799 413 2860 immo
435 2818 490 2878 ego
514 2800 663 2861 Sardoniis
684 2802 782 2863 videar
803 2802 856 2862 tibi
878 2801 1004 2861 amarior
1027 2799 1139 2868 herbis

255 2883 403 2946 horridior
425 2902 528 2954 rusco,
551 2887 679 2961 proiecta
700 2885 783 2946 vilior
806 2885 878 2963 alga,

256 2971 280 3030 si
302 2967 372 3028 mihi
395 2987 454 3029 non
476 2969 549 3029 haec
570 2968 620 3028 lux
641 2975 702 3028 toto
724 2970 781 3028 iam
802 2969 917 3045 longior
939 2974 1053 3026 anuost.

256 3054 294 3114 ite
316 3051 435 3113 domum
458 3053 547 3130 pasti,
570 3053 660 3130 simiis
681 3053 792 3129 pudor,
815 3053 853 3112 ite
875 3051 996 3112 iuvenci.

302 3135 333 3194 0.
356 3134 483 3197 Muscosi
505 3135 599 3196 sontes
622 3142 650 3196 et
671 3153 773 3195 somno
795 3133 910 3195 mollior
932 3131 1034 3201 herba,
1111 3145 1146 3199 45

258 3227 287 3280 et
308 3234 384 3296 quae
406 3237 457 3279 ros
478 3236 546 3278 rara
567 3219 666 3280 viridis
689 3221 758 3296 tegit
779 3218 901 3279 arbutus
922 3214 1037 3284 umbra,

257 3301 412 3362 solstitium
434 3303 535 3380 pecori
557 3301 717 3363 defendite:
740 3304 798 3362 iam
819 3301 897 3362 venii
918 3305 1013 3359 aestas

178 3391 222 3413 ‘'
238 3408 240 3451 ;
258 3382 383 3453 torrida,
406 3388 464 3447 iarn
486 3385 563 3446 lento
586 3392 702 3464 turgent
723 3387 753 3444 in
774 3384 892 3462 palmite
913 3399 1055 3460 gemmas.

141 3450 165 3529 δ’
263 3469 295 3530 T.
318 3466 372 3527 llic
395 3469 476 3531 iocus
499 3475 527 3529 et
548 3469 650 3530 taedae
671 3471 808 3546 pingues,
830 3467 879 3527 hie
899 3465 1045 3544 plurimus
1069 3469 1148 3546 ignis
