2504 4094
369 230 375 240 '
397 256 542 305 venenu
563 214 688 305 anuum
711 254 748 301 rx

58 425 122 477 tum
147 415 260 494 galeam
281 414 407 491 Messapi
429 411 556 473 hahilem
580 412 735 488 cristisque
756 414 892 474 deeoruu
1020 415 1070 469 sot

58 499 162 561 induit.
196 498 340 561 excedunt
362 499 471 557 eastris
487 503 516 556 et
536 500 598 555 tuta
620 504 785 572 capessunt.

101 584 217 644 Interea
235 581 388 662 praemissi
407 581 519 657 equites
537 596 572 639 ex
594 577 668 639 urbe
686 579 797 647 Latina,

60 674 158 729 cetera
181 667 251 728 dum
274 666 351 743 legio
375 665 485 742 canapis
506 664 650 723 iustrueta
671 670 812 734 moratur,

59 751 141 812 ibant
163 759 191 812 et
212 750 315 811 Turno
337 749 401 825 regi
423 764 564 825 respousa
584 745 726 816 ferebant,

60 842 233 910 tercentum,
257 834 363 894 scutati
386 849 497 900 omnes,
520 829 659 891 Volcente
680 831 829 907 magistro
1022 837 1074 890 tto
1169 883 1172 888 .

58 920 176 997 iamque
199 915 436 996 propinquabant
459 917 562 976 castris
584 931 743 993 murusque
764 913 908 983 subibant,
995 916 1000 922 ”

60 1021 128 1062 oum
150 1000 254 1078 procul
273 1000 328 1060 hos
352 1000 433 1062 laeuo
455 998 601 1061 lleotentis
620 999 711 1058 limite
731 1005 857 1060 cernunt

60 1095 89 1146 et
112 1085 194 1162 galea
219 1083 376 1162 Euryalum
398 1082 538 1144 sublustri
560 1084 655 1143 noetis
675 1084 707 1142 in
728 1081 834 1143 umbra

60 1168 190 1246 prodidit
215 1168 410 1228 inmemorem
429 1167 578 1246 radiisque
601 1167 722 1227 adversa
744 1163 869 1228 refulsit.

60 1251 133 1313 haut
153 1259 265 1311 temere
284 1258 328 1310 est
345 1251 445 1311 visum.
476 1250 638 1311 eouelamat
659 1249 696 1309 ab
715 1251 831 1327 agmine
847 1247 985 1309 Volcens:
1025 1252 1075 1310 stt

60 1342 159 1404 ‘state
184 1334 246 1394 riri.
282 1351 357 1411 quae
380 1351 467 1394 cauma
492 1334 573 1394 viae?
595 1334 680 1412 quive
700 1334 768 1394 estis
789 1334 819 1392 in
840 1332 948 1392 armis?

61 1437 156 1498 quove
171 1419 275 1478 tenetis
294 1415 383 1477 iteri’
404 1415 477 1477 nibil
496 1416 538 1477 illi
558 1417 683 1478 tendere
699 1423 809 1484 eontra,

62 1503 113 1564 sed
136 1501 267 1563 celerare
287 1500 388 1578 lugam
410 1502 445 1560 in.
462 1499 548 1561 silvas
570 1507 598 1560 et
619 1501 716 1562 lidere-
729 1503 819 1561 noeti.

62 1586 194 1648 obiciunt
216 1586 328 1663 equites
350 1602 416 1646 sese
437 1584 478 1644 eal
492 1584 615 1645 divortia
635 1591 706 1645 nota

61 1672 130 1730 hinc
153 1678 241 1747 atque
263 1668 333 1728 hino
356 1685 538 1746 omnemque
555 1668 666 1730 abitum
688 1669 808 1730 euuooe
830 1675 981 1729 eoronaut.
1024 1673 1076 1726 380

61 1752 132 1814 silva
154 1753 209 1813 luit
230 1751 288 1814 late
311 1753 411 1813 dumis
430 1759 518 1831 atque
539 1751 605 1814 ilioe
626 1754 710 1831 nigra

60 1836 191 1906 horrida,
215 1854 301 1914 quarn
324 1836 408 1898 densi
428 1835 611 1915 complerant
632 1837 760 1914 undique
783 1843 897 1901 sentes:

61 1939 129 1981 rara
151 1938 205 1998 per
226 1918 356 1981 occultos
377 1918 496 1980 lucebat
517 1922 619 1980 semita
643 1917 739 1979 ealles.

61 2003 221 2081 Euryalum
244 2002 384 2063 tenebrae
406 2020 557 2062 ramorum
579 2017 763 2077 onerosaque
788 2001 896 2077 praeda

62 2086 227 2163 impediunt
245 2083 375 2161 fallitque
397 2085 485 2143 timor
506 2086 628 2159 remoue
650 2085 779 2151 viarum
1027 2089 1077 2140 aab

62 2168 152 2229 Nisus
173 2167 243 2226 abit.
276 2167 394 2242 iamque
414 2167 576 2240 inprudens
597 2177 728 2226 eraserat
749 2167 840 2226 hostis

64 2260 152 2330 atque
174 2248 264 2319 locos,
284 2249 334 2325 qui
356 2257 423 2325 post
444 2246 535 2309 Albae
556 2250 732 2309 denomino
754 2247 823 2308 dicti

64 2333 158 2395 Alban
194 2333 265 2412 (tum
288 2350 340 2393 rex
363 2330 477 2392 stabula
499 2331 556 2392 alta
578 2333 698 2393 Latinus
719 2332 872 2412 habebatl:

65 2427 98 2478 ut
119 2419 197 2478 stetit
216 2426 246 2478 et
267 2416 377 2476 frustra
400 2416 550 2477 absentem
571 2418 707 2494 respexit
723 2418 858 2478 amioum.

67 2500 209 2580 ‘Euryale
230 2498 342 2570 infelix,
365 2518 421 2578 qua
444 2507 473 2560 te
494 2501 615 2577 regione
637 2499 760 2580 reliqui?
1029 2507 1079 2560 m

67 2602 160 2665 quave
182 2602 297 2665 sequar,
321 2600 426 2644 rursm
446 2584 620 2664 perplexum
642 2585 698 2644 iter
719 2602 806 2646 omne
826 2586 979 2648 revolvens

67 2667 177 2729 fallacis
199 2664 318 2729 silvael’
353 2667 441 2731 simul
462 2677 491 2730 et
511 2670 630 2745 vestigia
652 2675 733 2729 retro

67 2751 219 2813 observata
238 2751 307 2829 legit
329 2753 483 2831 dumisque
503 2752 660 2814 silentibus·
678 2763 766 2814 errat.

67 2836 148 2896 audit
170 2854 272 2913 equos,
292 2836 372 2896 audit
392 2839 531 2915 strepitus
553 2845 582 2896 et
603 2839 685 2914 signa
708 2847 891 2916 sequentum.

19 2916 23 2927 ’
68 2936 123 2978 neo
144 2917 267 2994 longum
288 2919 319 2977 in
337 2919 434 2979 medio
456 2927 582 2996 tempus,
606 2937 674 2980 oum
693 2921 804 2980 elamor
822 2922 860 2981 ad
878 2924 957 2982 auris
1029 2927 1080 2981 89⁶

68 3003 203 3079 pervenit
224 3018 259 3060 ae
276 2999 353 3060 ridet
370 2999 539 3078 Euryalum,
562 3018 650 3078 quem
668 3003 727 3062 iam
747 3021 852 3063 manus
873 3007 970 3064 omnis

68 3084 172 3144 fraude
190 3082 247 3144 loci
266 3091 295 3144 et
316 3085 419 3152 noetis,
441 3083 538 3144 subito
562 3084 698 3145 turbante
721 3086 856 3155 tumultu,

69 3183 244 3244 oppressum
265 3168 343 3246 rapit
364 3176 392 3228 et
412 3174 567 3230 conantem
588 3167 714 3248 plurima
736 3170 856 3231 frustra,

70 3251 140 3328 quid
161 3250 266 3311 saciati
290 3253 394 3330 quavi
416 3254 561 3322 iuvenem,
585 3252 693 3330 quibus
714 3254 820 3337 aupleat
841 3258 928 3317 armis

70 3334 203 3412 eriperet
227 3352 264 3395 an
282 3353 347 3396 sese
368 3336 482 3398 medios
503 3337 664 3399 moriturus
683 3339 713 3398 in
735 3356 819 3400 enses
1031 3347 1081 3397 tos

68 3418 176 3479 inierat
198 3425 227 3479 et
246 3416 403 3496 pulchram.
422 3427 564 3498 properet
584 3439 639 3500 per
661 3421 781 3484 volnera
803 3426 947 3485 mortem?

10 3568 11 3571 Ἴ
70 3503 152 3564 ocius
174 3501 299 3563 adducto
321 3509 463 3581 torquens
483 3503 587 3565 hastile
605 3505 725 3574 lacerto,
