2512 4096
119 255 138 314 2

156 609 175 645 α

158 756 178 834 p

452 267 595 315 VERGILI
611 265 748 317 ECLOGA
768 265 781 312 1

241 422 368 497 respexit
389 426 486 481 tamen
509 427 538 481 et
558 420 644 498 longo
668 429 733 499 post
753 419 999 498 temporevenit,

243 510 395 582 postquam
418 521 471 564 nos
491 504 643 583 Amaryllis
664 505 767 573 habet,
791 504 907 564 Galatea
929 502 1061 581 reliquit.
1098 515 1130 568 30

240 604 380 665 namque,
405 587 517 648 fatebor
540 590 629 657 enim,
656 588 724 648 darm
746 606 794 647 me
816 587 934 648 Galatea
957 586 1087 655 tenebat,

242 690 297 732 nec
319 689 385 748 spes
407 671 548 732 libertatis
571 679 634 732 erat
654 689 709 732 nec
731 690 801 732 cura
824 671 928 748 peculi.

234 756 371 835 ¹quamvis
393 754 483 822 multa
505 756 577 816 meis
599 756 691 814 exiret
711 756 825 815 victima
847 754 964 831 saeptis,

171 904 209 919 ψ
235 840 356 919 ‚pinguis
379 844 408 898 et
428 840 558 916 ingratae
579 845 765 915 premeretur
786 856 889 898 caseus
910 837 987 907 urbi,

119 1011 178 1065 Λα

87 1159 89 1165 1
159 1195 178 1230 α

120 1343 177 1398 an

160 1529 180 1564 α

160 1696 179 1731 ᾱ

122 1843 177 1898 za

160 1925 180 2003 β

160 2091 180 2168 β

99 2257 181 2335 -p

161 2445 179 2502 a

243 942 302 983 non
313 940 451 1000 umquam
462 923 556 1000 gravis
567 940 635 982 aere
645 921 764 981 domum
770 922 841 981 mihi
853 919 1144 1018 dextraredibaty,

243 1010 285 1067 M.
307 1006 433 1065 Mirabar
456 1006 525 1085 quid
545 1012 656 1065 maesta
678 1005 762 1074 deos,
786 1004 939 1083 Amarylli,
964 1021 1102 1072 vocares;

245 1092 291 1151 cui
311 1089 444 1167 pendere,
462 1107 514 1150 sua
536 1091 677 1166 patereris
698 1090 728 1147 in
750 1089 855 1149 arbore
877 1106 980 1165 poma:

243 1175 359 1253 Tityrus
380 1173 448 1233 hinc
469 1172 578 1234 aberat.
607 1174 687 1250 ipsae
708 1178 753 1240 te,
776 1171 889 1250 Tityre,
912 1171 1007 1248 pinus,

243 1257 298 1335 ipsi
319 1264 348 1317 te
369 1257 477 1326 fontes,
499 1256 562 1335 ipsa
583 1256 656 1316 haec
678 1254 796 1316 arbusta
818 1254 968 1315 vocabant.

246 1343 277 1401 T.
300 1340 374 1412 Quid
386 1341 531 1402 tacerem?
546 1357 642 1418 neque
654 1340 770 1398 servitio
783 1357 830 1398 me
842 1340 922 1399 exire
932 1336 1040 1398 licebat
1096 1350 1128 1401 lu

243 1429 379 1485 nectam
402 1424 562 1501 praesentis
584 1422 652 1481 alibi
674 1440 853 1500 cognoscere
875 1421 964 1481 divos.

242 1508 291 1567 hie
311 1503 391 1567 illum
412 1507 469 1566 vidi
489 1508 639 1575 invenem,
662 1504 817 1576 Meliboee,
839 1505 992 1583 quotannis

244 1590 289 1651 bis
311 1607 396 1649 senos
419 1591 465 1651 cui
486 1597 585 1650 nostra
608 1589 669 1650 dies
691 1589 791 1650 altaria
812 1589 932 1649 fumant.

243 1674 291 1733 hie
311 1673 382 1732 mihi
403 1689 577 1749 responsum
598 1674 710 1750 primus
733 1673 812 1733 dedit
832 1670 880 1732 ille
901 1671 1027 1747 petenti:

246 1757 364 1834 ‘pascite
386 1762 418 1816 ut
439 1764 505 1816 ante
526 1755 630 1826 boves,
652 1757 751 1834 pueri:
775 1755 943 1816 summittite
958 1753 1080 1814 tauros!
1095 1762 1129 1816 te

240 1841 282 1900 M.
306 1841 465 1900 Fortunate
487 1841 588 1899 senex!
612 1858 682 1918 ergo
704 1846 753 1900 tua
775 1859 845 1900 rum
867 1836 1035 1898 manebunt.

245 1935 274 1985 et
295 1924 347 1984 tibi
368 1939 473 2000 magna
495 1924 577 1990 satis,
602 1925 732 2000 quamvis
753 1922 826 2000 lapis
849 1921 945 1982 omnia
966 1919 1064 1980 nudus

244 2006 406 2085 limosoque
427 2005 511 2085 palus
533 2005 659 2067 obducat
681 2024 788 2084 pascua
809 2008 905 2066 iunco.

243 2109 303 2151 non
324 2092 436 2152 insueta
459 2091 553 2169 gravis
576 2090 758 2168 temptabunt
778 2088 886 2167 pabula
909 2088 989 2157 fetas,

244 2192 299 2236 nec
320 2173 396 2235 mala
417 2174 502 2235 vieini
523 2175 638 2251 peeoris
660 2173 792 2251 contagia
813 2171 1033 2243 laedent.„4„..
1065 2204 1078 2215 1·
1092 2184 1172 2236 50„

244 2258 389 2318 fortunate
410 2258 513 2318 senex!
536 2258 583 2317 bic
604 2259 679 2318 inter
702 2256 821 2317 llumina
842 2262 911 2316 nota

246 2345 275 2400 et
295 2341 382 2399 fontis
403 2359 503 2401 saeros
524 2340 615 2418 lrigus
638 2340 766 2416 captabis
789 2357 922 2417 opaeum.

243 2422 312 2483 hine
333 2421 399 2491 tibi,
423 2441 497 2500 quac
519 2439 650 2498 semper,
673 2423 766 2482 vicino
789 2423 826 2482 ab
849 2423 938 2482 limite
960 2437 1063 2499 saepes

245 2504 382 2583 llyblaeis
404 2505 507 2582 apibus
529 2504 632 2565 sserem
654 2505 773 2582 depasta
794 2505 886 2568 salicti

246 2606 334 2666 saepe
355 2588 411 2648 levi
432 2605 566 2646 somnum
588 2588 722 2648 suadebit
743 2590 816 2651 inire
838 2606 968 2651 susurro.
1092 2599 1127 2653 55

246 2672 315 2732 hinc
337 2671 394 2731 alta
416 2670 470 2731 sub
493 2688 567 2748 rupe
589 2679 673 2732 canet
694 2673 845 2734 frondator
867 2673 903 2734 ad
926 2686 1026 2732 auras:
1126 2669 1129 2676 '

246 2773 301 2816 nec
321 2762 419 2819 tamen
441 2754 549 2814 interea
571 2773 677 2815 raucae
699 2763 747 2816 tua
769 2775 839 2817 eura
860 2754 1012 2834 palumbes

247 2857 303 2899 nec
324 2856 443 2916 gemere
464 2838 542 2898 adria
566 2839 691 2898 cessabit
712 2847 809 2900 turtur
831 2840 867 2899 ab
891 2838 979 2899 ulmo.

250 2923 282 2982 T.
300 2921 374 2982 Ante
396 2921 471 2981 leves
495 2937 564 2998 ergo
585 2930 741 2999 pascentur
763 2924 792 2982 in
814 2940 942 3001 aequore
965 2921 1052 2990 cervi,

247 3011 275 3067 et
297 3005 371 3067 freta
393 3005 548 3065 destituent
568 3006 662 3065 nudos
684 3008 714 3065 in
734 3005 820 3067 litore
841 3007 950 3084 pisces;
1094 3015 1130 3069 6⁰

247 3095 314 3150 ante
334 3089 492 3166 pererratis
514 3088 667 3149 amborum
689 3090 795 3150 finibus
818 3089 884 3150 exul

246 3179 296 3233 aut
317 3173 431 3232 Ararim
452 3172 577 3233 Parthus
598 3171 680 3232 bibet
694 3181 743 3233 aut
765 3173 920 3236 Germania
941 3170 1063 3250 Tigrim,

244 3273 334 3333 quam
354 3262 455 3314 nostro
476 3253 552 3314 illius
573 3254 687 3316 labatur
709 3264 828 3334 pectore
849 3255 952 3315 voltus.

249 3340 294 3400 M.
316 3337 352 3397 nt
372 3355 427 3396 nos
448 3338 516 3398 hinc
537 3337 584 3398 alii
605 3340 726 3399 sitientis
747 3340 853 3400 ibimus
873 3339 968 3407 Atros,

246 3439 316 3500 pars
330 3420 476 3498 Scythiam
492 3430 520 3482 et
534 3422 668 3499 rapidum
685 3432 782 3485 cretae
797 3424 946 3483 veniemus
961 3419 1061 3481 Oaxen
1093 3429 1127 3484 65

248 3513 277 3567 et
299 3505 414 3584 penitus
436 3509 496 3564 toto
519 3506 623 3565 divisos
645 3504 717 3565 erbe
740 3507 904 3566 Britannos.
