2512 4096
276 279 307 326 n.
321 262 464 327 annona
485 277 638 329 unnonas
660 278 849 328 nannarao.
1016 279 1064 328 xv

62 447 126 512 quta
140 436 300 494 Graecorum
321 435 469 510 elegantiae
489 445 543 492 tam
559 435 646 510 amplo
668 451 750 509 opere
764 434 951 510 adaequandae
966 452 996 493 se
1015 437 1063 493 im·

62 536 153 577 narem
168 519 255 577 adhuc
274 535 333 576 esse
353 517 526 593 intellegebat
541 517 586 592 (cl.
602 520 651 575 ccl.
668 519 700 574 Vl
716 519 734 576 3
750 518 804 592 sq.)
813 515 845 594 ¹).
875 536 942 594 ergo
957 528 1050 576 verten
1071 553 1074 557 ⁴

63 603 104 658 dis
117 603 233 676 primum
248 603 383 659 l'heocriti
398 602 563 676 aliorumque
577 603 677 676 idylliis
692 602 782 658 stilum
797 605 930 667 exercuit,
946 618 1062 676 qnorum

61 684 182 741 laborum
204 701 265 741 cnm
285 684 398 741 frustula
419 684 546 759 quaedam
566 687 754 742 venustissima¹
772 686 822 742 ecl.
844 686 878 742 lli
898 685 937 744 23
953 702 1013 759 sqq.
1031 693 1062 757 et

62 767 101 825 39
122 783 184 841 sqq.
200 767 305 833 laudet,
331 785 365 824 ne
384 768 490 842 integra
510 768 616 842 quidem
637 769 753 825 carmina
772 768 897 832 latuisse,
924 769 971 824 sed
992 770 1063 824 tuter

61 851 160 907 amieos
179 851 277 908 tradita
295 859 323 907 et
341 852 452 908 recitata
466 865 525 908 esse
539 851 705 909 crediderim.
734 858 798 925 post
811 868 909 908 annum
926 866 989 907 sero
1002 851 1059 908 711

61 934 140 990 etiam
160 932 220 990 Iulii
236 932 352 991 Caesaris
372 949 472 990 numen
490 936 607 1008 propriis
626 934 747 991 versibus
768 934 924 999 celebravit,
946 949 1061 1007 quorum

61 1017 169 1072 inltinrn
184 1018 212 1073 in
228 1015 318 1073 eadem
333 1017 428 1091 ecloga
441 1033 467 1072 v.
483 1016 523 1074 46
538 1021 598 1091 sqq.
614 1019 755 1092 repetitur.

145 1099 199 1156 Sed
213 1099 274 1156 inde
288 1098 320 1155 ab
335 1116 403 1156 anno
419 1098 514 1156 eodem
529 1101 643 1157 exeunte
658 1100 721 1157 dum
735 1101 840 1176 legatus
855 1099 941 1157 Pollio
953 1100 1062 1156 Galliam

62 1181 266 1254 transpadanam
281 1181 400 1246 tenebat,
421 1189 502 1256 poeta
516 1193 610 1240 noster
624 1183 704 1240 modo
720 1183 792 1240 donni
812 1183 934 1240 modain
950 1184 1062 1240 cohorte

62 1265 182 1338 potentis
203 1266 278 1320 amiel
296 1273 416 1322 versatus
439 1265 492 1322 hoo
514 1267 683 1340 potissimum
702 1275 812 1323 auctore
830 1282 946 1339 poeseos
967 1283 1060 1340 genus,

63 1347 140 1403 cuins
155 1347 206 1401 iam
220 1345 398 1420 pulcherrima
412 1349 555 1420 specimina
569 1348 739 1412 exhibuerat.
754 1365 818 1423 prae
833 1349 890 1405 aliis
905 1350 965 1405 data
980 1365 1061 1424 opera

62 1428 152 1486 colere
166 1430 292 1485 instituit.
322 1445 383 1485 nam
394 1429 474 1486 edere
483 1433 571 1505 coeplt
585 1440 656 1489 teste
667 1433 783 1488 Asconio
798 1431 917 1489 Pediano
932 1435 1062 1490 bucolico

62 1528 147 1569 annos
168 1519 246 1568 natus
262 1511 376 1577 lllllllll,
397 1513 425 1568 h.
441 1529 464 1569 e.
482 1530 551 1570 anno
567 1515 641 1579 712,
664 1517 787 1589 intraque
806 1517 963 1579 trienninm,
985 1518 1061 1572 annis

61 1595 164 1651 scilicet
180 1595 369 1661 713-715,
391 1595 504 1669 perfecit
524 1605 604 1672 atque
619 1591 807 1672 emendavit2).
837 1598 957 1674 singulas
973 1608 1061 1658 autem

62 1676 170 1752 eclogas
191 1679 218 1734 in
239 1678 452 1752 prolegomenou
467 1682 552 1754 capite
568 1680 579 1737 i
596 1680 651 1759 ¹lroc
666 1680 759 1738 ordine
773 1698 803 1739 se
818 1684 953 1757 excepisse
968 1684 1062 1738 statui·

60 1777 134 1824 mus,
151 1768 181 1817 ut
196 1765 323 1820 secunda
338 1768 366 1818 et
380 1766 467 1819 tertia
480 1764 551 1819 edita
564 1765 600 1820 sit
615 1771 676 1820 ante
691 1769 826 1838 quintam,
842 1775 905 1839 post
918 1765 1062 1822 secundam

60 1853 88 1900 et
104 1852 165 1900 ante
180 1844 320 1909 decimam,
335 1846 416 1902 immo
430 1847 512 1903 initiis
526 1849 638 1922 propior
652 1853 788 1921 septima3
808 1850 870 1905 anui
885 1849 945 1907 713
961 1854 1061 1905 aestate

55 1930 168 2000 prima,
185 1937 311 1985 autumno
326 1945 412 1992 nonu,
429 1946 507 2003 quam
520 1939 616 2004 postea
629 1932 750 1989 insecuta
764 1939 805 1988 est
826 1938 928 1996 seuta3
950 1933 1062 1988 ineunte

60 2025 84 2065 a.
103 2009 164 2067 714
180 2018 239 2066 orta
258 2018 376 2085 quarta,
399 2013 480 2086 paulo
501 2021 562 2070 ante
583 2015 750 2089 triumphum
768 2013 898 2070 Pollionis
919 2029 942 2068 a.
965 2012 991 2068 d.
1007 2011 1063 2066 Vlll

59 2092 117 2151 llal.
142 2093 208 2150 lior.
230 2111 253 2150 a.
272 2094 331 2152 715
357 2094 519 2151 celebratum
545 2103 661 2166 octavu,
689 2097 807 2151 omnium
831 2095 946 2168 deniqne
970 2094 1061 2151 ultima

60 2178 180 2233 decima.

144 2258 233 2333 Atque
247 2259 363 2315 Alexidis
385 2274 449 2313 usus
468 2274 584 2332 persona
602 2261 630 2315 ln
651 2259 745 2334 ecloga
765 2260 880 2317 secunda
899 2261 1064 2319 Alexandri

61 2341 152 2414 pueri,
174 2357 253 2414 quem
274 2357 334 2397 cum
354 2347 465 2415 rogatus
486 2358 501 2396 a
520 2340 642 2399 Pollione
655 2343 687 2398 ad
708 2341 847 2416 prandium
867 2345 1061 2402 ministrantem

61 2421 172 2480 vidisset
185 2430 214 2479 et
231 2433 344 2498 propter
362 2424 588 2497 pulchritudinem
603 2425 815 2500 elegantiamque
834 2427 936 2504 ingenii
950 2445 1061 2503 magno·

60 2520 126 2580 pere
140 2505 300 2571 adamasset,
316 2507 388 2564 dono
403 2506 434 2562 alt
449 2508 495 2564 illo
511 2517 657 2583 acceperat,
673 2509 872 2567 delicatissimas
887 2511 979 2568 laudes
994 2513 1061 2568 ceci·

129 2718 150 2782 ¹)
170 2724 245 2770 ‘mom
261 2735 314 2770 cum
325 2722 369 2770 res
380 2720 506 2771 Romanas
517 2721 666 2780 inchoasset,
684 2724 796 2788 offensus
812 2725 920 2774 materia
937 2726 973 2774 ad
988 2724 1061 2776 buco·

59 2788 245 2837 licostranstit’
263 2788 388 2839 Donatus
404 2803 430 2852 p.
444 2788 489 2851 68,
503 2790 544 2839 21.
563 2791 703 2854 ‘significat
720 2797 763 2840 aut
775 2791 913 2842 Aeneidem
930 2798 974 2840 aut
988 2798 1061 2856 gesta

58 2867 144 2918 regum
155 2853 319 2919 Albanorum,
338 2869 401 2919 quae
413 2861 503 2918 coepta
520 2857 603 2905 omisit
618 2858 738 2907 nominum
755 2860 896 2922 asperitate
912 2859 1060 2908 deterritus’

62 2920 175 2971 Servius
192 2919 228 2970 sd
247 2919 297 2970 ecl.
316 2921 353 2971 VI
370 2924 395 2970 3.
431 2923 482 2970 ‘ad
497 2923 559 2971 illud
574 2923 669 2986 refert,
687 2925 755 2988 quod
772 2925 897 2988 coepisset
907 2924 1061 2975 Albanmum

58 3001 133 3051 repes
150 2986 258 3036 ethelin
275 2988 418 3037 describere
439 2987 573 3052 Virgilius,
591 2991 639 3039 sect
655 2993 759 3040 territus
775 2992 925 3040 insuavitate
943 2993 1059 3040 carminis

59 3056 174 3105 desisset.
209 3054 316 3103 Iunilius
333 3050 412 3104 dicit!
432 3053 514 3104 schol.
531 3055 613 3106 Bern.
633 3055 682 3105 ecl.
700 3057 738 3107 VI
755 3058 780 3106 6.

126 3118 148 3182 ²)
167 3123 236 3170 ‘mun
253 3127 346 3170 certum
363 3122 396 3169 sit
413 3135 479 3183 eum,
501 3126 528 3170 ut
545 3123 671 3172 Asconius
687 3124 816 3173 Pedianus
834 3125 906 3181 dicit,
925 3122 1058 3174 XXVIII

58 3201 139 3238 annos
156 3192 240 3236 natum
257 3186 368 3237 bucolica
385 3188 504 3236 edidisse’
522 3188 626 3238 Probus
644 3204 670 3253 p.
682 3191 705 3252 7,
724 3191 739 3239 7
748 3189 782 3238 Κ.
802 3190 837 3239 cf.
852 3188 924 3239 idem
938 3205 963 3254 p.
976 3192 999 3252 1,
1018 3191 1058 3240 12.

59 3253 169 3304 Servius
187 3252 307 3318 prolegg.
323 3253 411 3305 bncol.
425 3269 449 3319 p.
463 3255 504 3316 96,
522 3254 606 3306 schol.
618 3256 699 3309 Bern.
713 3256 749 3306 ed
761 3271 803 3320 ge.
816 3256 855 3305 1v
866 3256 924 3306 665.
944 3261 1018 3304 ‘tunc
1034 3258 1059 3304 ei

56 3321 195 3384 proposuit
216 3321 297 3371 Potito
319 3327 347 3370 ut
368 3335 467 3370 nomnen
489 3321 623 3371 bucolicum
639 3322 775 3387 scriberet,
798 3325 866 3387 quod
887 3337 941 3372 eum
961 3328 1059 3372 constat

58 3387 168 3437 triennio
194 3387 328 3452 scripsisse
352 3393 377 3438 et
404 3389 563 3438 emundasse’
592 3388 701 3439 Servius
728 3391 757 3437 in
778 3389 838 3439 rite
864 3404 890 3452 p.
919 3389 932 3436 1
960 3388 993 3436 L.
1011 3387 1058 3443 ,ct

57 3452 185 3504 Donatus
207 3469 233 3519 p.
255 3455 300 3517 60,
323 3456 338 3506 6
360 3454 466 3505 Phocus
487 3470 514 3507 v.
536 3456 568 3504 94
591 3468 631 3518 eq.
659 3455 724 3506 vide
751 3455 944 3520 prolegomena
965 3456 1065 3503 nostra

57 3532 85 3584 p.
104 3520 130 3574 1.
