2512 4096
183 263 242 324 160
505 271 649 320 menn
670 271 798 320 mus
819 271 875 319 1111

181 434 354 491 wnrectant
375 424 450 488 calle
467 436 609 505 angusto,
631 444 701 504 pars
721 427 843 505 grandia
864 424 987 486 trudunt
1160 438 1218 497 405

181 512 307 574 obnixae
328 511 478 571 trumenta
497 512 623 581 umeris,
652 528 722 589 pars
744 512 861 589 agmina
883 519 992 587 cogunt

181 596 382 674 castigantque
403 612 517 665 moras,
540 612 631 673 opere
653 596 749 655 omnis
767 597 870 655 semita
892 594 993 653 fervet

181 677 247 759 quis
266 677 320 739 tibi
340 686 420 749 tum,
441 678 536 750 Dido,
558 679 690 739 cernenti
711 677 780 738 talia
800 696 920 747 sensus,

181 779 291 844 quosve
313 761 405 824 dabas
423 764 563 840 geminas,
585 780 654 824 cum
674 761 761 823 litora
779 761 894 823 lemme
911 759 969 820 late

181 848 369 946 prospiceres
389 864 458 907 arce
478 864 513 908 ec
534 864 649 908 summa
668 854 822 925 totumque
836 847 951 907 rideres
1161 859 1217 913 ilo

180 932 300 993 misceri
321 937 388 992 ante
407 928 510 990 oculos
529 932 618 991 tantis
638 929 817 991 clamoribus
836 931 961 1008 aequor!

181 1014 318 1112 improbe
338 1017 445 1082 Amor
469 1013 540 1092 quid
557 1031 618 1075 non
638 1013 773 1074 monella
794 1021 915 1092 pectora
937 1014 1033 1090 cogis!

181 1099 226 1160 ire
246 1100 353 1160 iterun
375 1099 405 1158 in
429 1096 581 1167 lacrimas,
600 1099 708 1159 iterum
727 1104 873 1176 temptare
892 1096 1043 1175 precando

183 1183 297 1261 cogitur
320 1191 350 1244 et
371 1179 494 1260 supplex
516 1183 630 1243 animos
653 1182 836 1242 summittere
858 1183 966 1250 amori,

181 1266 291 1346 nequid
312 1268 498 1345 inexpertum
515 1265 624 1327 irustra
647 1268 790 1326 moritura
812 1265 968 1343 relinquat.
1160 1278 1214 1330 415

225 1352 338 1421 ‘Anna
361 1350 441 1411 rides
462 1358 525 1410 toto
546 1351 703 1428 properari
722 1349 827 1411 litora:
849 1351 961 1410 circum

182 1433 313 1513 undique
334 1451 516 1503 convenere;
538 1444 622 1495 vocal
641 1435 700 1495 iam
722 1433 863 1496 carbasus
883 1450 986 1501 auras,

121 1550 157 1607 4
182 1516 333 1596 puppibus
351 1524 380 1577 et
400 1516 469 1578 laeti
488 1527 595 1580 nauus
616 1519 785 1597 imposuero
806 1534 940 1579 coronas.
950 1515 988 1579 Χ
1160 1526 1214 1581 118

182 1606 231 1661 ιιι
235 1599 363 1661 lacrimis
385 1602 478 1662 evicta
499 1603 587 1671 meis,
610 1609 644 1662 tu
663 1603 758 1679 prima
780 1601 927 1662 iurantem
1160 1612 1214 1665 518

183 1683 243 1753 his,
266 1700 422 1761 germana
443 1684 527 1745 malis
545 1702 652 1745 oneras
672 1693 760 1763 atquc
784 1684 876 1746 obicis
894 1684 981 1745 hosti

121 1808 161 1881 ἡ
183 1849 263 1913 hunc
285 1867 339 1928 ego
361 1852 387 1912 si
407 1789 626 1930 potui⁴tantum
642 1789 765 1929 sperare
788 1791 936 1921 dolorem,
1104 1934 1110 1940 ἰ
1161 1864 1215 1919 119

184 1944 213 1998 et
233 1934 383 2014 perferre,
406 1951 507 2005 soror,
529 1942 643 2013 potero.
687 1936 812 1996 miserae
834 1935 891 1996 hoc
912 1943 1010 1997 tamen
1032 1953 1124 1997 unum

184 2036 360 2098 exsequere,
385 2020 483 2089 Anna,
506 2019 594 2089 mihi;
616 2017 710 2079 solam
728 2035 796 2079 nam
817 2018 950 2098 perfidus
970 2018 1019 2080 ille

184 2110 213 2166 le
235 2102 348 2174 colere,
372 2120 495 2164 arcanos
517 2104 605 2164 etiam
626 2102 679 2163 tibi
701 2102 823 2164 credere
845 2121 964 2172 sensum

184 2184 247 2247 sola
268 2188 323 2247 viri
344 2185 441 2248 mollis
463 2187 558 2249 aditus
581 2195 610 2250 et
625 2195 761 2267 tempora
785 2205 885 2248 noras.

183 2272 207 2340 i,
231 2287 333 2340 soror,
356 2278 443 2351 atque
462 2270 577 2333 hostem
596 2271 719 2350 supplex
741 2270 841 2333 adfare
863 2270 1032 2351 superbum.

183 2370 243 2414 uon
262 2371 316 2432 ego
335 2371 403 2415 cum
425 2354 530 2417 Danais
552 2355 710 2416 Troianam
730 2355 886 2417 excindere
908 2363 1026 2433 gentem
1160 2365 1213 2420 111

184 2434 289 2498 Aulide
306 2437 399 2497 iuravi
421 2438 580 2500 classemve
601 2438 648 2499 ad.
659 2438 803 2516 Pergama
824 2441 904 2510 misi,

184 2536 241 2581 nac
261 2520 353 2598 patris
369 2520 515 2582 Anchisae
536 2523 650 2583 emeres
672 2539 808 2583 mancare
830 2520 944 2592 revelli,

185 2620 238 2666 cur
261 2620 326 2664 mea
347 2602 424 2663 dicta
444 2610 532 2682 neget
554 2604 643 2664 duras
664 2603 817 2666 demittere
836 2606 866 2664 in
888 2607 975 2666 auris.

185 2704 243 2765 quo
265 2686 342 2747 ruiti
366 2693 529 2747 extremum
548 2685 606 2748 hoc
625 2687 750 2749 miserae
769 2687 819 2749 det
839 2706 948 2750 munus
970 2689 1093 2750 amanti:

185 2778 320 2850 expectet
342 2768 516 2848 facilemque
534 2770 634 2847 lugam
654 2778 817 2850 ventosque
838 2771 968 2834 ferentis.
1158 2784 1212 2839 430

185 2869 244 2914 uon
265 2854 323 2914 iam
342 2853 510 2930 coniugium
534 2855 679 2925 anticum,
699 2855 778 2934 quod
800 2855 943 2943 prodidit,
963 2873 1032 2926 oro,

184 2954 240 2999 nec
260 2934 385 3016 pulchro
404 2944 438 2998 ut
458 2938 540 2999 Latio
563 2946 661 3001 careat
679 2957 864 3018 regnumque
884 2939 1043 3018 relinquat;

185 3028 302 3100 tempus
323 3022 410 3083 inane
430 3029 513 3100 peto,
536 3024 669 3102 requiem
694 3025 880 3103 spatiumque
901 3024 1008 3094 lurori,

185 3103 255 3166 dum
277 3122 342 3166 maa
361 3123 410 3168 me
432 3107 536 3168 victam
557 3107 661 3169 doceat
681 3109 798 3169 iortuna
819 3106 928 3170 dolere.

185 3196 346 3249 extremam
367 3189 443 3252 lianc
465 3208 518 3251 oro
539 3192 652 3252 veniam
675 3192 825 3269 (miserere
842 3192 977 3270 sororis),
1156 3201 1209 3256 est

186 3288 273 3351 quam
293 3271 363 3332 milri
385 3291 453 3335 cum
475 3274 601 3345 dederit,
624 3273 801 3336 cumulatam
822 3273 922 3345 mute
943 3273 1115 3335 remittam.'

227 3353 345 3416 Talibus
368 3356 483 3426 orabat,
503 3357 626 3436 talisque
647 3358 811 3418 miserrima
827 3356 913 3420 lletus

185 3440 301 3517 fertque
321 3437 470 3520 roisrtque
491 3457 585 3501 soror.
629 3441 680 3503 sed
694 3439 781 3502 nullis
800 3438 851 3502 ille
872 3450 1005 3504 movetur

186 3522 317 3594 datibus,
341 3522 413 3586 haut
436 3542 523 3587 voces
545 3521 619 3586 ullas
640 3523 799 3587 tractabilis
821 3526 913 3588 audit:
