<?xml version="1.0" encoding="UTF-8"?>
<!DOCTYPE html PUBLIC "-//W3C//DTD XHTML 1.0 Transitional//EN"
    "http://www.w3.org/TR/xhtml1/DTD/xhtml1-transitional.dtd">
<html xmlns="http://www.w3.org/1999/xhtml" xml:lang="en" lang="en">
 <head>
  <title>
</title>
<meta http-equiv="Content-Type" content="text/html;charset=utf-8" />
  <meta name='ocr-system' content='tesseract 3.04.00' />
  <meta name='ocr-capabilities' content='ocr_page ocr_carea ocr_par ocr_line ocrx_word'/>
</head>
<body>
  <div class='ocr_page' id='page_1' title='image "./pvergilimaronis12virggoog/pvergilimaronis12virggoog_0088.png"; bbox 0 0 2512 4096; ppageno 0'>
   <div class='ocr_carea' id='block_1_1' title="bbox 413 271 841 322">
    <p class='ocr_par' dir='ltr' id='par_1_1' title="bbox 413 271 841 322">
     <span class='ocr_line' id='line_1_1' title="bbox 413 271 841 322; baseline 0 -2"><span class='ocrx_word' id='word_1_1' title='bbox 413 273 554 320; x_wconf 70' lang='lat' dir='ltr'><strong>venenu</strong></span> <span class='ocrx_word' id='word_1_2' title='bbox 578 271 780 322; x_wconf 74' lang='lat' dir='ltr'><strong>Gnonetcon</strong></span> <span class='ocrx_word' id='word_1_3' title='bbox 802 275 841 320; x_wconf 93' lang='lat'><strong>111</strong></span> 
     </span>
    </p>
   </div>
   <div class='ocr_carea' id='block_1_2' title="bbox 121 427 945 1004">
    <p class='ocr_par' dir='ltr' id='par_1_2' title="bbox 121 427 945 921">
     <span class='ocr_line' id='line_1_2' title="bbox 125 427 933 506; baseline -0.004 -16"><span class='ocrx_word' id='word_1_4' title='bbox 125 431 153 490; x_wconf 92' lang='lat' dir='ltr'><strong>in</strong></span> <span class='ocrx_word' id='word_1_5' title='bbox 175 427 287 489; x_wconf 88' lang='lat' dir='ltr'><strong>loribus</strong></span> <span class='ocrx_word' id='word_1_6' title='bbox 308 445 435 506; x_wconf 83' lang='lat' dir='ltr'><strong>pugnam</strong></span> <span class='ocrx_word' id='word_1_7' title='bbox 457 446 493 488; x_wconf 86' lang='lat' dir='ltr'><strong>ex</strong></span> <span class='ocrx_word' id='word_1_8' title='bbox 514 446 586 488; x_wconf 91' lang='lat' dir='ltr'><strong>auro</strong></span> <span class='ocrx_word' id='word_1_9' title='bbox 608 427 758 506; x_wconf 91' lang='lat' dir='ltr'><strong>solidoque</strong></span> <span class='ocrx_word' id='word_1_10' title='bbox 780 427 933 505; x_wconf 83' lang='lat' dir='ltr'><strong>elephanto</strong></span> 
     </span>
     <span class='ocr_line' id='line_1_3' title="bbox 125 509 885 590; baseline -0.003 -17"><span class='ocrx_word' id='word_1_11' title='bbox 125 512 321 590; x_wconf 83' lang='lat' dir='ltr'>Gangaridum</span> <span class='ocrx_word' id='word_1_12' title='bbox 342 513 445 572; x_wconf 80' lang='lat' dir='ltr'><strong>faciam</strong></span> <span class='ocrx_word' id='word_1_13' title='bbox 466 512 641 589; x_wconf 88' lang='lat' dir='ltr'><strong>victorisque</strong></span> <span class='ocrx_word' id='word_1_14' title='bbox 662 529 743 569; x_wconf 91' lang='lat' dir='ltr'><strong>arma</strong></span> <span class='ocrx_word' id='word_1_15' title='bbox 765 509 885 579; x_wconf 84' lang='lat' dir='ltr'><strong>Quirini,</strong></span> 
     </span>
     <span class='ocr_line' id='line_1_4' title="bbox 124 592 931 672; baseline -0.005 -17"><span class='ocrx_word' id='word_1_16' title='bbox 124 602 209 672; x_wconf 89' lang='lat' dir='ltr'><strong>atque</strong></span> <span class='ocrx_word' id='word_1_17' title='bbox 231 595 278 655; x_wconf 90' lang='lat' dir='ltr'><strong>hic</strong></span> <span class='ocrx_word' id='word_1_18' title='bbox 299 595 457 655; x_wconf 89' lang='lat' dir='ltr'><strong>undantem</strong></span> <span class='ocrx_word' id='word_1_19' title='bbox 478 592 554 653; x_wconf 89' lang='lat' dir='ltr'><strong>hello</strong></span> <span class='ocrx_word' id='word_1_20' title='bbox 575 611 773 672; x_wconf 88' lang='lat' dir='ltr'><strong>magnumque</strong></span> <span class='ocrx_word' id='word_1_21' title='bbox 794 593 931 654; x_wconf 87' lang='lat' dir='ltr'><strong>liuentem</strong></span> 
     </span>
     <span class='ocr_line' id='line_1_5' title="bbox 123 675 828 752; baseline -0.004 -13"><span class='ocrx_word' id='word_1_22' title='bbox 123 677 220 739; x_wconf 89' lang='lat' dir='ltr'><strong>Nilum</strong></span> <span class='ocrx_word' id='word_1_23' title='bbox 242 697 276 737; x_wconf 87' lang='lat' dir='ltr'><strong>ac</strong></span> <span class='ocrx_word' id='word_1_24' title='bbox 297 677 391 738; x_wconf 87' lang='lat' dir='ltr'><strong>navali</strong></span> <span class='ocrx_word' id='word_1_25' title='bbox 412 678 557 752; x_wconf 89' lang='lat' dir='ltr'><strong>surgentis</strong></span> <span class='ocrx_word' id='word_1_26' title='bbox 578 695 647 736; x_wconf 88' lang='lat' dir='ltr'><strong>aere</strong></span> <span class='ocrx_word' id='word_1_27' title='bbox 668 675 828 736; x_wconf 87' lang='lat' dir='ltr'><strong>columnas.</strong></span> 
     </span>
     <span class='ocr_line' id='line_1_6' title="bbox 123 758 945 838; baseline -0.002 -18"><span class='ocrx_word' id='word_1_28' title='bbox 123 762 227 821; x_wconf 80' lang='lat' dir='ltr'>addam</span> <span class='ocrx_word' id='word_1_29' title='bbox 248 760 339 821; x_wconf 87' lang='lat' dir='ltr'><strong>urbes</strong></span> <span class='ocrx_word' id='word_1_30' title='bbox 359 761 443 820; x_wconf 81' lang='lat' dir='ltr'><strong>hsiae</strong></span> <span class='ocrx_word' id='word_1_31' title='bbox 465 760 587 819; x_wconf 84' lang='lat' dir='ltr'><strong>domitas</strong></span> <span class='ocrx_word' id='word_1_32' title='bbox 608 759 782 838; x_wconf 90' lang='lat' dir='ltr'><strong>pulsumque</strong></span> <span class='ocrx_word' id='word_1_33' title='bbox 802 758 945 836; x_wconf 76' lang='lat' dir='ltr'><strong>Niphaten</strong></span> 
     </span>
     <span class='ocr_line' id='line_1_7' title="bbox 121 843 868 921; baseline -0.003 -17"><span class='ocrx_word' id='word_1_34' title='bbox 121 844 317 921; x_wconf 89' lang='lat' dir='ltr'><strong>fidentemque</strong></span> <span class='ocrx_word' id='word_1_35' title='bbox 338 846 406 921; x_wconf 88' lang='lat' dir='ltr'><strong>luga</strong></span> <span class='ocrx_word' id='word_1_36' title='bbox 427 843 567 903; x_wconf 82' lang='lat' dir='ltr'>Parthum</span> <span class='ocrx_word' id='word_1_37' title='bbox 586 844 738 920; x_wconf 85' lang='lat' dir='ltr'><strong>versisque</strong></span> <span class='ocrx_word' id='word_1_38' title='bbox 758 844 868 920; x_wconf 81' lang='lat' dir='ltr'><strong>sagittis</strong></span> 
     </span>
    </p>

    <p class='ocr_par' dir='ltr' id='par_1_3' title="bbox 123 925 887 1004">
     <span class='ocr_line' id='line_1_8' title="bbox 123 925 887 1004; baseline -0.004 -17"><span class='ocrx_word' id='word_1_39' title='bbox 123 934 152 987; x_wconf 91' lang='lat' dir='ltr'><strong>et</strong></span> <span class='ocrx_word' id='word_1_40' title='bbox 173 927 231 986; x_wconf 92' lang='lat' dir='ltr'><strong>duo</strong></span> <span class='ocrx_word' id='word_1_41' title='bbox 253 934 336 1004; x_wconf 93' lang='lat' dir='ltr'><strong>rapta</strong></span> <span class='ocrx_word' id='word_1_42' title='bbox 358 942 448 986; x_wconf 93' lang='lat' dir='ltr'><strong>manu</strong></span> <span class='ocrx_word' id='word_1_43' title='bbox 469 926 582 986; x_wconf 85' lang='lat' dir='ltr'><strong>diverso</strong></span> <span class='ocrx_word' id='word_1_44' title='bbox 605 944 640 986; x_wconf 87' lang='lat' dir='ltr'><strong>ex</strong></span> <span class='ocrx_word' id='word_1_45' title='bbox 660 925 746 984; x_wconf 88' lang='lat' dir='ltr'><strong>hoste</strong></span> <span class='ocrx_word' id='word_1_46' title='bbox 767 933 887 1002; x_wconf 91' lang='lat' dir='ltr'><strong>tropaea</strong></span> 
     </span>
    </p>
   </div>
   <div class='ocr_carea' id='block_1_3' title="bbox 122 1013 1004 3587">
    <p class='ocr_par' dir='ltr' id='par_1_4' title="bbox 123 1013 900 1175">
     <span class='ocr_line' id='line_1_9' title="bbox 123 1013 900 1092; baseline -0.004 -18"><span class='ocrx_word' id='word_1_47' title='bbox 123 1016 231 1092; x_wconf 89' lang='lat' dir='ltr'><strong>hisque</strong></span> <span class='ocrx_word' id='word_1_48' title='bbox 254 1013 450 1092; x_wconf 91' lang='lat' dir='ltr'><strong>triumphatas</strong></span> <span class='ocrx_word' id='word_1_49' title='bbox 471 1023 597 1090; x_wconf 86' lang='lat' dir='ltr'><strong>utroque</strong></span> <span class='ocrx_word' id='word_1_50' title='bbox 620 1015 656 1075; x_wconf 92' lang='lat' dir='ltr'><strong>ab</strong></span> <span class='ocrx_word' id='word_1_51' title='bbox 678 1015 766 1076; x_wconf 90' lang='lat' dir='ltr'><strong>litore</strong></span> <span class='ocrx_word' id='word_1_52' title='bbox 787 1022 900 1092; x_wconf 83' lang='lat' dir='ltr'><strong>gentes.</strong></span> 
     </span>
     <span class='ocr_line' id='line_1_10' title="bbox 125 1098 831 1175; baseline 0 -17"><span class='ocrx_word' id='word_1_53' title='bbox 125 1098 237 1158; x_wconf 89' lang='lat' dir='ltr'><strong>Invidia</strong></span> <span class='ocrx_word' id='word_1_54' title='bbox 258 1098 476 1164; x_wconf 83' lang='lat' dir='ltr'><strong>infelixlurias</strong></span> <span class='ocrx_word' id='word_1_55' title='bbox 498 1115 674 1175; x_wconf 88' lang='lat' dir='ltr'><strong>amnemque</strong></span> <span class='ocrx_word' id='word_1_56' title='bbox 696 1116 831 1159; x_wconf 83' lang='lat' dir='ltr'><strong>severum</strong></span> 
     </span>
    </p>

    <p class='ocr_par' dir='ltr' id='par_1_5' title="bbox 124 1182 1011 1427">
     <span class='ocr_line' id='line_1_11' title="bbox 127 1182 817 1269; baseline -0.003 -27"><span class='ocrx_word' id='word_1_57' title='bbox 127 1183 227 1259; x_wconf 90' lang='lat' dir='ltr'><strong>Cocyti</strong></span> <span class='ocrx_word' id='word_1_58' title='bbox 249 1190 384 1241; x_wconf 90' lang='lat' dir='ltr'><strong>metuens</strong></span> <span class='ocrx_word' id='word_1_59' title='bbox 405 1188 557 1269; x_wconf 79' lang='lat' dir='ltr'><strong>tortosque</strong></span> <span class='ocrx_word' id='word_1_60' title='bbox 579 1182 691 1243; x_wconf 90' lang='lat' dir='ltr'><strong>Ixionis</strong></span> <span class='ocrx_word' id='word_1_61' title='bbox 712 1182 817 1259; x_wconf 81' lang='lat' dir='ltr'><strong>anguis</strong></span> 
     </span>
     <span class='ocr_line' id='line_1_12' title="bbox 124 1264 946 1344; baseline -0.003 -20"><span class='ocrx_word' id='word_1_62' title='bbox 124 1267 343 1343; x_wconf 83' lang='lat' dir='ltr'><strong>immanemque</strong></span> <span class='ocrx_word' id='word_1_63' title='bbox 365 1271 458 1344; x_wconf 87' lang='lat' dir='ltr'><strong>rotam</strong></span> <span class='ocrx_word' id='word_1_64' title='bbox 484 1273 513 1324; x_wconf 88' lang='lat' dir='ltr'><strong>et</strong></span> <span class='ocrx_word' id='word_1_65' title='bbox 533 1283 593 1325; x_wconf 91' lang='lat' dir='ltr'><strong>non</strong></span> <span class='ocrx_word' id='word_1_66' title='bbox 617 1264 822 1344; x_wconf 84' lang='lat' dir='ltr'><strong>exsuperabile</strong></span> <span class='ocrx_word' id='word_1_67' title='bbox 845 1280 946 1323; x_wconf 89' lang='lat' dir='ltr'><strong>saxum</strong></span> 
     </span>
     <span class='ocr_line' id='line_1_13' title="bbox 127 1347 829 1427; baseline 0 -21"><span class='ocrx_word' id='word_1_68' title='bbox 127 1347 249 1408; x_wconf 88' lang='lat' dir='ltr'><strong>stabunt</strong></span> <span class='ocrx_word' id='word_1_69' title='bbox 271 1355 300 1406; x_wconf 89' lang='lat' dir='ltr'><strong>et</strong></span> <span class='ocrx_word' id='word_1_70' title='bbox 321 1348 399 1407; x_wconf 87' lang='lat' dir='ltr'><strong>Parii</strong></span> <span class='ocrx_word' id='word_1_71' title='bbox 421 1347 547 1426; x_wconf 91' lang='lat' dir='ltr'><strong>lapides,</strong></span> <span class='ocrx_word' id='word_1_72' title='bbox 570 1351 712 1427; x_wconf 83' lang='lat' dir='ltr'><strong>spirantia</strong></span> <span class='ocrx_word' id='word_1_73' title='bbox 736 1349 829 1426; x_wconf 87' lang='lat' dir='ltr'><strong>signa,</strong></span> 
     </span>
    </p>

    <p class='ocr_par' dir='ltr' id='par_1_6' title="bbox 122 1430 1004 1754">
     <span class='ocr_line' id='line_1_14' title="bbox 124 1430 871 1511; baseline -0.003 -19"><span class='ocrx_word' id='word_1_74' title='bbox 124 1433 259 1492; x_wconf 76' lang='lat' dir='ltr'><strong>Assaraci</strong></span> <span class='ocrx_word' id='word_1_75' title='bbox 281 1430 382 1508; x_wconf 88' lang='lat' dir='ltr'><strong>proles</strong></span> <span class='ocrx_word' id='word_1_76' title='bbox 404 1431 606 1511; x_wconf 87' lang='lat' dir='ltr'><strong>demissaeque</strong></span> <span class='ocrx_word' id='word_1_77' title='bbox 628 1431 668 1490; x_wconf 89' lang='lat' dir='ltr'><strong>ab</strong></span> <span class='ocrx_word' id='word_1_78' title='bbox 688 1433 755 1492; x_wconf 87' lang='lat' dir='ltr'><strong>love</strong></span> <span class='ocrx_word' id='word_1_79' title='bbox 776 1432 871 1509; x_wconf 91' lang='lat' dir='ltr'><strong>gentis</strong></span> 
     </span>
     <span class='ocr_line' id='line_1_15' title="bbox 124 1514 1004 1594; baseline 0.001 -19"><span class='ocrx_word' id='word_1_80' title='bbox 124 1517 244 1576; x_wconf 91' lang='lat' dir='ltr'><strong>nomina</strong></span> <span class='ocrx_word' id='word_1_81' title='bbox 267 1515 402 1594; x_wconf 89' lang='lat' dir='ltr'><strong>Trosque</strong></span> <span class='ocrx_word' id='word_1_82' title='bbox 424 1533 533 1594; x_wconf 88' lang='lat' dir='ltr'><strong>parens</strong></span> <span class='ocrx_word' id='word_1_83' title='bbox 554 1524 584 1576; x_wconf 93' lang='lat' dir='ltr'><strong>et</strong></span> <span class='ocrx_word' id='word_1_84' title='bbox 604 1517 711 1577; x_wconf 84' lang='lat' dir='ltr'><strong>Troiae</strong></span> <span class='ocrx_word' id='word_1_85' title='bbox 733 1514 872 1594; x_wconf 78' lang='lat' dir='ltr'><strong>Cynthius</strong></span> <span class='ocrx_word' id='word_1_86' title='bbox 894 1522 1004 1576; x_wconf 86' lang='lat' dir='ltr'><strong>auctor.</strong></span> 
     </span>
     <span class='ocr_line' id='line_1_16' title="bbox 124 1598 851 1679; baseline 0.006 -20"><span class='ocrx_word' id='word_1_87' title='bbox 124 1603 233 1660; x_wconf 87' lang='lat' dir='ltr'><strong>interea</strong></span> <span class='ocrx_word' id='word_1_88' title='bbox 255 1599 397 1677; x_wconf 80' lang='lat' dir='ltr'><strong>dryadum</strong></span> <span class='ocrx_word' id='word_1_89' title='bbox 412 1598 504 1659; x_wconf 68' lang='lat' dir='ltr'><strong>‘silvas</strong></span> <span class='ocrx_word' id='word_1_90' title='bbox 526 1599 674 1679; x_wconf 89' lang='lat' dir='ltr'><strong>saltusque</strong></span> <span class='ocrx_word' id='word_1_91' title='bbox 695 1618 851 1679; x_wconf 89' lang='lat' dir='ltr'><strong>sequamur</strong></span> 
     </span>
     <span class='ocr_line' id='line_1_17' title="bbox 122 1682 946 1754; baseline 0.004 -11"><span class='ocrx_word' id='word_1_92' title='bbox 122 1688 262 1754; x_wconf 86' lang='lat' dir='ltr'><strong>intactos,</strong></span> <span class='ocrx_word' id='word_1_93' title='bbox 284 1689 348 1752; x_wconf 87' lang='lat' dir='ltr'><strong>tua,</strong></span> <span class='ocrx_word' id='word_1_94' title='bbox 370 1682 537 1753; x_wconf 86' lang='lat' dir='ltr'><strong>Maecenas,</strong></span> <span class='ocrx_word' id='word_1_95' title='bbox 560 1682 632 1743; x_wconf 92' lang='lat' dir='ltr'><strong>haut</strong></span> <span class='ocrx_word' id='word_1_96' title='bbox 652 1683 750 1744; x_wconf 86' lang='lat' dir='ltr'><strong>mollia</strong></span> <span class='ocrx_word' id='word_1_97' title='bbox 771 1686 857 1746; x_wconf 89' lang='lat' dir='ltr'><strong>iussa.</strong></span> <span class='ocrx_word' id='word_1_98' title='bbox 922 1702 946 1721; x_wconf 68' lang='lat'><strong>„.</strong></span> 
     </span>
    </p>

    <p class='ocr_par' dir='ltr' id='par_1_7' title="bbox 122 1765 982 2094">
     <span class='ocr_line' id='line_1_18' title="bbox 122 1765 957 1846; baseline 0 -21"><span class='ocrx_word' id='word_1_99' title='bbox 122 1775 151 1826; x_wconf 89' lang='lat' dir='ltr'><strong>te</strong></span> <span class='ocrx_word' id='word_1_100' title='bbox 173 1767 235 1825; x_wconf 87' lang='lat' dir='ltr'><strong>sine</strong></span> <span class='ocrx_word' id='word_1_101' title='bbox 256 1765 297 1825; x_wconf 92' lang='lat' dir='ltr'><strong>nil</strong></span> <span class='ocrx_word' id='word_1_102' title='bbox 318 1765 408 1828; x_wconf 89' lang='lat' dir='ltr'><strong>altum</strong></span> <span class='ocrx_word' id='word_1_103' title='bbox 430 1783 512 1826; x_wconf 90' lang='lat' dir='ltr'><strong>mens</strong></span> <span class='ocrx_word' id='word_1_104' title='bbox 533 1767 666 1827; x_wconf 88' lang='lat' dir='ltr'><strong>incohat:</strong></span> <span class='ocrx_word' id='word_1_105' title='bbox 690 1787 725 1828; x_wconf 91' lang='lat' dir='ltr'><strong>en</strong></span> <span class='ocrx_word' id='word_1_106' title='bbox 748 1786 802 1846; x_wconf 84' lang='lat' dir='ltr'><strong>age</strong></span> <span class='ocrx_word' id='word_1_107' title='bbox 822 1773 919 1846; x_wconf 90' lang='lat' dir='ltr'><strong>segnis</strong></span> <span class='ocrx_word' id='word_1_108' title='bbox 935 1807 957 1825; x_wconf 82' lang='grc'><strong>..</strong></span> 
     </span>
     <span class='ocr_line' id='line_1_19' title="bbox 122 1850 923 1928; baseline 0.005 -20"><span class='ocrx_word' id='word_1_109' title='bbox 122 1867 228 1928; x_wconf 89' lang='lat' dir='ltr'><strong>rumpe</strong></span> <span class='ocrx_word' id='word_1_110' title='bbox 249 1864 360 1918; x_wconf 88' lang='lat' dir='ltr'><strong>moras;</strong></span> <span class='ocrx_word' id='word_1_111' title='bbox 382 1857 466 1909; x_wconf 84' lang='lat' dir='ltr'><strong>vocat</strong></span> <span class='ocrx_word' id='word_1_112' title='bbox 486 1851 594 1926; x_wconf 85' lang='lat' dir='ltr'><strong>ingenti</strong></span> <span class='ocrx_word' id='word_1_113' title='bbox 617 1850 745 1912; x_wconf 88' lang='lat' dir='ltr'><strong>clamore</strong></span> <span class='ocrx_word' id='word_1_114' title='bbox 767 1852 923 1913; x_wconf 85' lang='lat' dir='ltr'><strong>Cithaeron</strong></span> 
     </span>
     <span class='ocr_line' id='line_1_20' title="bbox 122 1932 982 2012; baseline 0.003 -20"><span class='ocrx_word' id='word_1_115' title='bbox 122 1932 301 2010; x_wconf 78' lang='lat' dir='ltr'><strong>Taygetique</strong></span> <span class='ocrx_word' id='word_1_116' title='bbox 324 1949 410 1993; x_wconf 87' lang='lat' dir='ltr'><strong>canes</strong></span> <span class='ocrx_word' id='word_1_117' title='bbox 432 1932 625 2011; x_wconf 88' lang='lat' dir='ltr'><strong>domitrixque</strong></span> <span class='ocrx_word' id='word_1_118' title='bbox 646 1934 809 2010; x_wconf 85' lang='lat' dir='ltr'><strong>Epidaurus</strong></span> <span class='ocrx_word' id='word_1_119' title='bbox 830 1953 982 2012; x_wconf 90' lang='lat' dir='ltr'><strong>equorum,</strong></span> 
     </span>
     <span class='ocr_line' id='line_1_21' title="bbox 124 2015 901 2094; baseline 0 -19"><span class='ocrx_word' id='word_1_120' title='bbox 124 2022 153 2075; x_wconf 88' lang='lat' dir='ltr'><strong>et</strong></span> <span class='ocrx_word' id='word_1_121' title='bbox 173 2033 229 2074; x_wconf 84' lang='lat' dir='ltr'><strong>vox</strong></span> <span class='ocrx_word' id='word_1_122' title='bbox 250 2015 374 2076; x_wconf 88' lang='lat' dir='ltr'><strong>adsensu</strong></span> <span class='ocrx_word' id='word_1_123' title='bbox 395 2033 549 2076; x_wconf 84' lang='lat' dir='ltr'><strong>nemorum</strong></span> <span class='ocrx_word' id='word_1_124' title='bbox 570 2017 744 2093; x_wconf 89' lang='lat' dir='ltr'><strong>ingeminata</strong></span> <span class='ocrx_word' id='word_1_125' title='bbox 766 2021 901 2094; x_wconf 84' lang='lat' dir='ltr'><strong>remugit.</strong></span> 
     </span>
    </p>

    <p class='ocr_par' dir='ltr' id='par_1_8' title="bbox 123 2097 919 2340">
     <span class='ocr_line' id='line_1_22' title="bbox 123 2097 872 2176; baseline 0 -18"><span class='ocrx_word' id='word_1_126' title='bbox 123 2116 191 2158; x_wconf 84' lang='lat' dir='ltr'><strong>mox</strong></span> <span class='ocrx_word' id='word_1_127' title='bbox 213 2105 310 2158; x_wconf 87' lang='lat' dir='ltr'><strong>tamen</strong></span> <span class='ocrx_word' id='word_1_128' title='bbox 332 2097 460 2158; x_wconf 90' lang='lat' dir='ltr'><strong>ardentis</strong></span> <span class='ocrx_word' id='word_1_129' title='bbox 481 2101 616 2173; x_wconf 87' lang='lat' dir='ltr'><strong>accingar</strong></span> <span class='ocrx_word' id='word_1_130' title='bbox 639 2099 737 2158; x_wconf 91' lang='lat' dir='ltr'><strong>dicere</strong></span> <span class='ocrx_word' id='word_1_131' title='bbox 758 2115 872 2176; x_wconf 88' lang='lat' dir='ltr'><strong>pugnas</strong></span> 
     </span>
     <span class='ocr_line' id='line_1_23' title="bbox 124 2181 919 2257; baseline 0 -17"><span class='ocrx_word' id='word_1_132' title='bbox 124 2182 255 2241; x_wconf 84' lang='lat' dir='ltr'><strong>Caesaris</strong></span> <span class='ocrx_word' id='word_1_133' title='bbox 277 2188 306 2240; x_wconf 93' lang='lat' dir='ltr'><strong>et</strong></span> <span class='ocrx_word' id='word_1_134' title='bbox 326 2197 433 2240; x_wconf 90' lang='lat' dir='ltr'><strong>nomen</strong></span> <span class='ocrx_word' id='word_1_135' title='bbox 455 2181 531 2240; x_wconf 85' lang='lat' dir='ltr'><strong>lama</strong></span> <span class='ocrx_word' id='word_1_136' title='bbox 551 2187 595 2239; x_wconf 92' lang='lat' dir='ltr'><strong>tot</strong></span> <span class='ocrx_word' id='word_1_137' title='bbox 616 2181 695 2239; x_wconf 84' lang='lat' dir='ltr'><strong>serre</strong></span> <span class='ocrx_word' id='word_1_138' title='bbox 716 2198 770 2257; x_wconf 91' lang='lat' dir='ltr'><strong>per</strong></span> <span class='ocrx_word' id='word_1_139' title='bbox 791 2198 891 2252; x_wconf 90' lang='lat' dir='ltr'><strong>annos,</strong></span> <span class='ocrx_word' id='word_1_140' title='bbox 915 2203 919 2211; x_wconf 86' lang='lat'><strong>·</strong></span> 
     </span>
     <span class='ocr_line' id='line_1_24' title="bbox 124 2261 880 2340; baseline 0.001 -17"><span class='ocrx_word' id='word_1_141' title='bbox 124 2263 241 2323; x_wconf 82' lang='lat' dir='ltr'><strong>Tithoni</strong></span> <span class='ocrx_word' id='word_1_142' title='bbox 261 2264 355 2340; x_wconf 91' lang='lat' dir='ltr'><strong>prima</strong></span> <span class='ocrx_word' id='word_1_143' title='bbox 378 2269 449 2338; x_wconf 91' lang='lat' dir='ltr'><strong>quot</strong></span> <span class='ocrx_word' id='word_1_144' title='bbox 469 2261 551 2321; x_wconf 90' lang='lat' dir='ltr'><strong>ahest</strong></span> <span class='ocrx_word' id='word_1_145' title='bbox 572 2263 608 2321; x_wconf 90' lang='lat' dir='ltr'><strong>ab</strong></span> <span class='ocrx_word' id='word_1_146' title='bbox 631 2263 744 2338; x_wconf 89' lang='lat' dir='ltr'><strong>origine</strong></span> <span class='ocrx_word' id='word_1_147' title='bbox 765 2263 880 2324; x_wconf 91' lang='lat' dir='ltr'><strong>Caesar.</strong></span> 
     </span>
    </p>

    <p class='ocr_par' dir='ltr' id='par_1_9' title="bbox 123 2343 980 3587">
     <span class='ocr_line' id='line_1_25' title="bbox 167 2343 942 2425; baseline 0.005 -20"><span class='ocrx_word' id='word_1_148' title='bbox 167 2346 226 2405; x_wconf 92' lang='lat' dir='ltr'><strong>Seu</strong></span> <span class='ocrx_word' id='word_1_149' title='bbox 247 2347 312 2422; x_wconf 93' lang='lat' dir='ltr'><strong>quis</strong></span> <span class='ocrx_word' id='word_1_150' title='bbox 334 2343 517 2422; x_wconf 85' lang='lat' dir='ltr'><strong>Olympiacae</strong></span> <span class='ocrx_word' id='word_1_151' title='bbox 538 2346 659 2404; x_wconf 88' lang='lat' dir='ltr'><strong>miratus</strong></span> <span class='ocrx_word' id='word_1_152' title='bbox 679 2348 808 2423; x_wconf 89' lang='lat' dir='ltr'><strong>praemia</strong></span> <span class='ocrx_word' id='word_1_153' title='bbox 829 2347 942 2425; x_wconf 90' lang='lat' dir='ltr'><strong>palmae</strong></span> 
     </span>
     <span class='ocr_line' id='line_1_26' title="bbox 125 2427 930 2507; baseline 0.004 -17"><span class='ocrx_word' id='word_1_154' title='bbox 125 2435 225 2507; x_wconf 90' lang='lat' dir='ltr'><strong>pascet</strong></span> <span class='ocrx_word' id='word_1_155' title='bbox 246 2445 337 2505; x_wconf 89' lang='lat' dir='ltr'><strong>equos</strong></span> <span class='ocrx_word' id='word_1_156' title='bbox 358 2445 410 2487; x_wconf 90' lang='lat' dir='ltr'><strong>seu</strong></span> <span class='ocrx_word' id='word_1_157' title='bbox 427 2428 492 2506; x_wconf 92' lang='lat' dir='ltr'><strong>quis</strong></span> <span class='ocrx_word' id='word_1_158' title='bbox 512 2427 596 2489; x_wconf 83' lang='lat' dir='ltr'><strong>sortis</strong></span> <span class='ocrx_word' id='word_1_159' title='bbox 611 2428 647 2487; x_wconf 91' lang='lat' dir='ltr'><strong>ad</strong></span> <span class='ocrx_word' id='word_1_160' title='bbox 668 2436 763 2489; x_wconf 91' lang='lat' dir='ltr'><strong>aratra</strong></span> <span class='ocrx_word' id='word_1_161' title='bbox 784 2430 930 2503; x_wconf 88' lang='lat' dir='ltr'><strong>iuvencos,</strong></span> 
     </span>
     <span class='ocr_line' id='line_1_27' title="bbox 125 2510 961 2590; baseline 0.004 -17"><span class='ocrx_word' id='word_1_162' title='bbox 125 2529 250 2589; x_wconf 85' lang='lat' dir='ltr'><strong>corpora</strong></span> <span class='ocrx_word' id='word_1_163' title='bbox 272 2511 428 2588; x_wconf 88' lang='lat' dir='ltr'><strong>praecipue</strong></span> <span class='ocrx_word' id='word_1_164' title='bbox 448 2517 575 2571; x_wconf 91' lang='lat' dir='ltr'><strong>matrum</strong></span> <span class='ocrx_word' id='word_1_165' title='bbox 595 2510 680 2590; x_wconf 88' lang='lat' dir='ltr'><strong>legat.</strong></span> <span class='ocrx_word' id='word_1_166' title='bbox 724 2519 841 2590; x_wconf 90' lang='lat' dir='ltr'><strong>optuma</strong></span> <span class='ocrx_word' id='word_1_167' title='bbox 862 2522 961 2577; x_wconf 87' lang='lat' dir='ltr'><strong>torvae</strong></span> 
     </span>
     <span class='ocr_line' id='line_1_28' title="bbox 124 2594 980 2674; baseline 0.006 -19"><span class='ocrx_word' id='word_1_168' title='bbox 124 2594 336 2665; x_wconf 68' lang='lat' dir='ltr'><strong>formatoris,</strong></span> <span class='ocrx_word' id='word_1_169' title='bbox 359 2596 406 2654; x_wconf 91' lang='lat' dir='ltr'><strong>cui</strong></span> <span class='ocrx_word' id='word_1_170' title='bbox 427 2601 513 2673; x_wconf 91' lang='lat' dir='ltr'><strong>turpe</strong></span> <span class='ocrx_word' id='word_1_171' title='bbox 535 2601 637 2674; x_wconf 86' lang='lat' dir='ltr'><strong>caput,</strong></span> <span class='ocrx_word' id='word_1_172' title='bbox 661 2596 707 2656; x_wconf 90' lang='lat' dir='ltr'><strong>cui</strong></span> <span class='ocrx_word' id='word_1_173' title='bbox 728 2596 853 2674; x_wconf 91' lang='lat' dir='ltr'><strong>plurima</strong></span> <span class='ocrx_word' id='word_1_174' title='bbox 874 2600 980 2669; x_wconf 87' lang='lat' dir='ltr'><strong>cervix,</strong></span> 
     </span>
     <span class='ocr_line' id='line_1_29' title="bbox 125 2677 870 2756; baseline 0.001 -18"><span class='ocrx_word' id='word_1_175' title='bbox 125 2686 154 2739; x_wconf 93' lang='lat' dir='ltr'><strong>et</strong></span> <span class='ocrx_word' id='word_1_176' title='bbox 176 2695 295 2739; x_wconf 89' lang='lat' dir='ltr'><strong>crurum</strong></span> <span class='ocrx_word' id='word_1_177' title='bbox 317 2687 401 2739; x_wconf 89' lang='lat' dir='ltr'><strong>tenus</strong></span> <span class='ocrx_word' id='word_1_178' title='bbox 422 2697 438 2738; x_wconf 94' lang='lat' dir='ltr'><strong>a</strong></span> <span class='ocrx_word' id='word_1_179' title='bbox 460 2684 558 2739; x_wconf 90' lang='lat' dir='ltr'><strong>mento</strong></span> <span class='ocrx_word' id='word_1_180' title='bbox 579 2677 707 2756; x_wconf 88' lang='lat' dir='ltr'><strong>palearia</strong></span> <span class='ocrx_word' id='word_1_181' title='bbox 728 2680 870 2756; x_wconf 89' lang='lat' dir='ltr'><strong>pendent;</strong></span> 
     </span>
     <span class='ocr_line' id='line_1_30' title="bbox 124 2761 910 2840; baseline 0.004 -19"><span class='ocrx_word' id='word_1_182' title='bbox 124 2770 187 2824; x_wconf 92' lang='lat' dir='ltr'><strong>tum</strong></span> <span class='ocrx_word' id='word_1_183' title='bbox 207 2761 295 2838; x_wconf 88' lang='lat' dir='ltr'><strong>longo</strong></span> <span class='ocrx_word' id='word_1_184' title='bbox 316 2761 414 2822; x_wconf 90' lang='lat' dir='ltr'><strong>nullus</strong></span> <span class='ocrx_word' id='word_1_185' title='bbox 434 2762 519 2822; x_wconf 89' lang='lat' dir='ltr'><strong>lateri</strong></span> <span class='ocrx_word' id='word_1_186' title='bbox 533 2761 655 2830; x_wconf 89' lang='lat' dir='ltr'><strong>modus;</strong></span> <span class='ocrx_word' id='word_1_187' title='bbox 679 2764 774 2822; x_wconf 93' lang='lat' dir='ltr'><strong>omnia</strong></span> <span class='ocrx_word' id='word_1_188' title='bbox 795 2780 910 2840; x_wconf 79' lang='lat' dir='ltr'><strong>magna,</strong></span> 
     </span>
     <span class='ocr_line' id='line_1_31' title="bbox 123 2844 964 2924; baseline 0.004 -18"><span class='ocrx_word' id='word_1_189' title='bbox 123 2863 177 2924; x_wconf 92' lang='lat' dir='ltr'><strong>pes</strong></span> <span class='ocrx_word' id='word_1_190' title='bbox 199 2846 298 2912; x_wconf 75' lang='lat' dir='ltr'><strong>etiam:</strong></span> <span class='ocrx_word' id='word_1_191' title='bbox 321 2853 350 2903; x_wconf 92' lang='lat' dir='ltr'><strong>et</strong></span> <span class='ocrx_word' id='word_1_192' title='bbox 371 2847 497 2905; x_wconf 91' lang='lat' dir='ltr'><strong>camuris</strong></span> <span class='ocrx_word' id='word_1_193' title='bbox 517 2845 611 2905; x_wconf 88' lang='lat' dir='ltr'><strong>hirtae</strong></span> <span class='ocrx_word' id='word_1_194' title='bbox 632 2844 687 2905; x_wconf 91' lang='lat' dir='ltr'><strong>suh</strong></span> <span class='ocrx_word' id='word_1_195' title='bbox 710 2846 848 2907; x_wconf 90' lang='lat' dir='ltr'><strong>cornibus</strong></span> <span class='ocrx_word' id='word_1_196' title='bbox 870 2866 964 2910; x_wconf 89' lang='lat' dir='ltr'><strong>aures.</strong></span> 
     </span>
     <span class='ocr_line' id='line_1_32' title="bbox 124 2926 872 3005; baseline 0.001 -17"><span class='ocrx_word' id='word_1_197' title='bbox 124 2947 180 2988; x_wconf 89' lang='lat' dir='ltr'><strong>nec</strong></span> <span class='ocrx_word' id='word_1_198' title='bbox 201 2929 271 2987; x_wconf 92' lang='lat' dir='ltr'><strong>mihi</strong></span> <span class='ocrx_word' id='word_1_199' title='bbox 294 2926 443 3004; x_wconf 81' lang='lat' dir='ltr'><strong>displiceat</strong></span> <span class='ocrx_word' id='word_1_200' title='bbox 463 2926 584 2987; x_wconf 89' lang='lat' dir='ltr'><strong>maculis</strong></span> <span class='ocrx_word' id='word_1_201' title='bbox 605 2928 724 3005; x_wconf 84' lang='lat' dir='ltr'><strong>insignis</strong></span> <span class='ocrx_word' id='word_1_202' title='bbox 747 2936 775 2988; x_wconf 94' lang='lat' dir='ltr'><strong>et</strong></span> <span class='ocrx_word' id='word_1_203' title='bbox 796 2929 872 3002; x_wconf 92' lang='lat' dir='ltr'><strong>alho,</strong></span> 
     </span>
     <span class='ocr_line' id='line_1_33' title="bbox 125 3010 913 3088; baseline 0.004 -16"><span class='ocrx_word' id='word_1_204' title='bbox 125 3017 175 3072; x_wconf 93' lang='lat' dir='ltr'><strong>aut</strong></span> <span class='ocrx_word' id='word_1_205' title='bbox 196 3012 262 3087; x_wconf 92' lang='lat' dir='ltr'><strong>iuga</strong></span> <span class='ocrx_word' id='word_1_206' title='bbox 285 3010 450 3070; x_wconf 89' lang='lat' dir='ltr'><strong>detractans</strong></span> <span class='ocrx_word' id='word_1_207' title='bbox 470 3011 674 3088; x_wconf 86' lang='lat' dir='ltr'><strong>interdumque</strong></span> <span class='ocrx_word' id='word_1_208' title='bbox 695 3028 798 3088; x_wconf 90' lang='lat' dir='ltr'><strong>aspera</strong></span> <span class='ocrx_word' id='word_1_209' title='bbox 821 3031 913 3074; x_wconf 92' lang='lat' dir='ltr'><strong>cornu</strong></span> 
     </span>
     <span class='ocr_line' id='line_1_34' title="bbox 124 3092 880 3171; baseline 0.001 -17"><span class='ocrx_word' id='word_1_210' title='bbox 124 3102 154 3154; x_wconf 89' lang='lat' dir='ltr'><strong>et</strong></span> <span class='ocrx_word' id='word_1_211' title='bbox 175 3094 278 3153; x_wconf 80' lang='lat' dir='ltr'><strong>taciem</strong></span> <span class='ocrx_word' id='word_1_212' title='bbox 300 3101 385 3152; x_wconf 87' lang='lat' dir='ltr'><strong>tauro</strong></span> <span class='ocrx_word' id='word_1_213' title='bbox 399 3092 533 3171; x_wconf 89' lang='lat' dir='ltr'><strong>propior,</strong></span> <span class='ocrx_word' id='word_1_214' title='bbox 556 3110 689 3170; x_wconf 91' lang='lat' dir='ltr'><strong>quaeque</strong></span> <span class='ocrx_word' id='word_1_215' title='bbox 709 3093 800 3153; x_wconf 91' lang='lat' dir='ltr'><strong>ardua</strong></span> <span class='ocrx_word' id='word_1_216' title='bbox 820 3101 880 3156; x_wconf 90' lang='lat' dir='ltr'><strong>tota</strong></span> 
     </span>
     <span class='ocr_line' id='line_1_35' title="bbox 125 3176 755 3254; baseline -0.003 -16"><span class='ocrx_word' id='word_1_217' title='bbox 125 3185 155 3238; x_wconf 88' lang='lat' dir='ltr'><strong>et</strong></span> <span class='ocrx_word' id='word_1_218' title='bbox 175 3177 311 3254; x_wconf 84' lang='lat' dir='ltr'><strong>gradiens</strong></span> <span class='ocrx_word' id='word_1_219' title='bbox 332 3177 389 3237; x_wconf 93' lang='lat' dir='ltr'><strong>ima</strong></span> <span class='ocrx_word' id='word_1_220' title='bbox 409 3176 500 3236; x_wconf 83' lang='lat' dir='ltr'><strong>verrit</strong></span> <span class='ocrx_word' id='word_1_221' title='bbox 516 3177 632 3252; x_wconf 88' lang='lat' dir='ltr'><strong>vestigia</strong></span> <span class='ocrx_word' id='word_1_222' title='bbox 654 3177 755 3236; x_wconf 89' lang='lat' dir='ltr'><strong>cauda.</strong></span> 
     </span>
     <span class='ocr_line' id='line_1_36' title="bbox 124 3259 808 3338; baseline 0 -17"><span class='ocrx_word' id='word_1_223' title='bbox 124 3266 204 3321; x_wconf 86' lang='lat' dir='ltr'><strong>aetas</strong></span> <span class='ocrx_word' id='word_1_224' title='bbox 225 3260 363 3320; x_wconf 88' lang='lat' dir='ltr'><strong>Lucinam</strong></span> <span class='ocrx_word' id='word_1_225' title='bbox 384 3262 532 3338; x_wconf 90' lang='lat' dir='ltr'><strong>iustosque</strong></span> <span class='ocrx_word' id='word_1_226' title='bbox 553 3261 612 3338; x_wconf 90' lang='lat' dir='ltr'><strong>pati</strong></span> <span class='ocrx_word' id='word_1_227' title='bbox 633 3259 808 3338; x_wconf 89' lang='lat' dir='ltr'><strong>hymenaeos</strong></span> 
     </span>
     <span class='ocr_line' id='line_1_37' title="bbox 125 3343 949 3422; baseline 0.005 -20"><span class='ocrx_word' id='word_1_228' title='bbox 125 3343 231 3403; x_wconf 88' lang='lat' dir='ltr'><strong>desinit</strong></span> <span class='ocrx_word' id='word_1_229' title='bbox 251 3350 316 3402; x_wconf 92' lang='lat' dir='ltr'><strong>ante</strong></span> <span class='ocrx_word' id='word_1_230' title='bbox 338 3343 456 3415; x_wconf 86' lang='lat' dir='ltr'><strong>decem,</strong></span> <span class='ocrx_word' id='word_1_231' title='bbox 478 3350 544 3420; x_wconf 92' lang='lat' dir='ltr'><strong>post</strong></span> <span class='ocrx_word' id='word_1_232' title='bbox 566 3349 702 3422; x_wconf 90' lang='lat' dir='ltr'><strong>quattuor</strong></span> <span class='ocrx_word' id='word_1_233' title='bbox 722 3345 823 3422; x_wconf 90' lang='lat' dir='ltr'><strong>incipit</strong></span> <span class='ocrx_word' id='word_1_234' title='bbox 843 3363 949 3412; x_wconf 84' lang='lat' dir='ltr'><strong>annos:</strong></span> 
     </span>
     <span class='ocr_line' id='line_1_38' title="bbox 126 3425 869 3487; baseline 0.003 -2"><span class='ocrx_word' id='word_1_235' title='bbox 126 3432 223 3486; x_wconf 89' lang='lat' dir='ltr'><strong>cetera</strong></span> <span class='ocrx_word' id='word_1_236' title='bbox 244 3443 299 3485; x_wconf 90' lang='lat' dir='ltr'><strong>nec</strong></span> <span class='ocrx_word' id='word_1_237' title='bbox 321 3426 432 3487; x_wconf 81' lang='lat' dir='ltr'><strong>feturae</strong></span> <span class='ocrx_word' id='word_1_238' title='bbox 453 3425 557 3486; x_wconf 92' lang='lat' dir='ltr'><strong>habilis</strong></span> <span class='ocrx_word' id='word_1_239' title='bbox 578 3444 633 3486; x_wconf 88' lang='lat' dir='ltr'><strong>nec</strong></span> <span class='ocrx_word' id='word_1_240' title='bbox 654 3427 737 3486; x_wconf 82' lang='lat' dir='ltr'><strong>sortis</strong></span> <span class='ocrx_word' id='word_1_241' title='bbox 757 3429 869 3487; x_wconf 91' lang='lat' dir='ltr'><strong>aratris.</strong></span> 
     </span>
     <span class='ocr_line' id='line_1_39' title="bbox 126 3509 898 3587; baseline -0.003 -17"><span class='ocrx_word' id='word_1_242' title='bbox 126 3511 251 3578; x_wconf 90' lang='lat' dir='ltr'><strong>interea,</strong></span> <span class='ocrx_word' id='word_1_243' title='bbox 273 3515 392 3587; x_wconf 90' lang='lat' dir='ltr'><strong>superat</strong></span> <span class='ocrx_word' id='word_1_244' title='bbox 413 3509 551 3586; x_wconf 83' lang='lat' dir='ltr'><strong>gregibus</strong></span> <span class='ocrx_word' id='word_1_245' title='bbox 572 3510 642 3570; x_wconf 93' lang='lat' dir='ltr'><strong>dum</strong></span> <span class='ocrx_word' id='word_1_246' title='bbox 663 3509 736 3569; x_wconf 89' lang='lat' dir='ltr'><strong>laeta</strong></span> <span class='ocrx_word' id='word_1_247' title='bbox 757 3511 898 3578; x_wconf 85' lang='lat' dir='ltr'><strong>iuventas,</strong></span> 
     </span>
    </p>
   </div>
   <div class='ocr_carea' id='block_1_4' title="bbox 0 0 1260 4096">
    <p class='ocr_par' dir='ltr' id='par_1_10' title="bbox 0 0 1260 4096">
     <span class='ocr_line' id='line_1_40' title="bbox 0 0 1260 4096; baseline 0 0"><span class='ocrx_word' id='word_1_248' title='bbox 0 0 1260 4096; x_wconf 95' lang='lat' dir='ltr'><strong> </strong></span> 
     </span>
    </p>
   </div>
  </div>
 </body>
</html>
