2512 4096
448 281 592 330 veneant
608 281 812 330 spumeum
1073 270 1132 329 255

126 439 175 502 olli
195 457 249 518 per
271 439 383 507 dumos,
406 453 462 514 qua
483 453 626 515 proxuma
648 443 724 496 meta
747 438 868 506 viarum,

125 524 229 585 armati
250 521 385 590 tendunt;
405 520 427 578 it
447 519 566 590 clamor,
590 526 619 581 et
641 520 756 597 agmine
782 520 858 581 lacto
1081 529 1132 580 bat

127 605 367 686 quadrupedante
387 609 506 683 putrem
527 603 623 664 sonitu
644 603 736 682 quatit
756 603 866 680 ungula
887 621 1033 682 campum.

125 698 169 751 est
187 691 291 772 ingens
312 687 439 764 gelidum
460 684 543 748 lucus
565 703 658 764 prope
679 685 799 748 Caeritis
821 705 945 754 amnem,

125 772 268 850 religione
287 777 404 850 patrum
425 768 482 830 late
504 787 602 838 sacer:
624 769 754 849 undique
775 768 863 831 colles

124 855 274 917 inclusere
297 856 359 915 cavi
379 860 408 914 et
427 855 511 930 nigra
533 870 638 914 nemus
659 852 755 915 abiete
777 855 905 930 cingunt.

125 939 240 1000 Silvano
263 939 340 999 lama
364 943 406 998 est
428 943 541 998 veteres
562 953 694 998 sacrasse
716 935 861 1015 Pelasgos,
1082 943 1133 994 ooo
1223 970 1225 973 -

125 1040 262 1084 arvorum
283 1022 457 1101 pecorisque
480 1020 544 1091 deo,
568 1019 725 1099 lucumque
748 1021 893 1099 diemque,

126 1107 176 1183 qui
195 1105 282 1185 primi
304 1105 369 1164 finis
392 1103 546 1182 aliquando
569 1103 701 1165 habuere
720 1104 853 1165 Latinos:

125 1189 195 1249 haut
215 1185 320 1266 procul
340 1187 410 1246 hinc
429 1186 544 1247 Tarcho
568 1194 597 1247 et
617 1187 763 1266 Tyrrheni
784 1193 845 1248 tuta
863 1186 1002 1248 tenebant

125 1278 220 1332 castra
239 1269 320 1341 locis,
346 1268 483 1348 celsoque
505 1271 599 1330 omnis
622 1269 658 1331 de
680 1270 753 1332 colle
774 1270 865 1331 videri

124 1358 182 1416 iam
203 1360 319 1433 poterat
338 1353 413 1430 legio
437 1359 465 1413 et
482 1352 547 1413 latis
568 1353 707 1414 tendebat
724 1357 755 1414 in
778 1355 862 1415 arvis.
943 1380 948 1387 ·

124 1439 183 1499 huo
203 1444 288 1517 pater
308 1436 421 1498 Aeneas
442 1442 470 1497 et
490 1433 568 1496 bello
590 1435 665 1497 lecta
688 1439 821 1498 iuventus

124 1522 287 1583 succedunt
308 1519 435 1598 fessique
456 1527 485 1580 et
505 1537 596 1597 equos
619 1526 647 1580 et
668 1537 793 1598 corpora
816 1529 927 1582 curant.

168 1604 318 1665 Attienus
339 1603 485 1664 aetherios
506 1603 584 1664 inter
604 1602 657 1664 dea
681 1604 802 1665 candida
824 1602 941 1664 nimbos

125 1689 201 1749 dona
223 1686 322 1749 ferens
345 1687 460 1756 aderat;
481 1692 640 1767 natumque
662 1689 691 1748 in
713 1687 787 1749 valle
805 1687 927 1749 reducta

82 1801 83 1804 ¹
126 1779 156 1832 ut
177 1769 281 1850 procul
302 1770 414 1848 egelido
436 1777 584 1832 secretum
607 1768 726 1832 llumine
743 1771 823 1840 vidit,

122 1853 229 1915 talibus
251 1854 346 1915 adfata
370 1862 414 1916 est
432 1855 515 1915 dictis
535 1872 626 1933 seque
649 1854 753 1916 obtulit
772 1854 869 1915 ultro:

123 1946 175 2000 ‘en
193 1937 326 2016 perlecta
345 1938 403 1998 mei
424 1938 568 2017 promissa
588 1939 719 2015 coniugis
739 1944 802 1997 arte

123 2038 254 2090 munera,
277 2037 315 2080 ne
336 2037 405 2080 mox
427 2026 476 2081 aut
494 2019 657 2089 Laurentis,
681 2028 758 2090 nate,
780 2017 926 2098 superbos

122 2111 173 2164 aut
193 2121 291 2163 acrem
311 2102 426 2164 dubites
447 2104 477 2162 in
499 2102 619 2184 proelia·
631 2120 754 2179 poscere
774 2097 926 2162 'furnum'

123 2187 195 2247 dixit
218 2193 246 2246 et
267 2183 417 2264 amplexus
437 2187 497 2246 nati
521 2184 662 2262 Cytherea
682 2186 792 2264 petivit,

123 2287 205 2331 arma
227 2269 282 2330 sub
304 2268 426 2329 adversa
447 2269 545 2347 posuit
565 2266 706 2329 radiantia
727 2279 848 2347 quercu.

122 2353 180 2421 ille,
200 2353 272 2415 deae
292 2351 375 2412 donis
398 2359 427 2412 et
447 2358 527 2412 tanto
545 2349 638 2412 laetus
659 2351 782 2421 honore,

122 2436 235 2516 expleri
256 2436 358 2514 nequit
379 2442 466 2514 atque
487 2433 587 2496 oculos
608 2453 663 2514 per
680 2433 794 2513 singula
812 2434 898 2497 volvit

121 2522 303 2600 miraturque
321 2519 456 2599 interque
474 2537 579 2580 manus
601 2526 630 2580 et
650 2519 788 2580 bracchia
810 2529 906 2580 versat

122 2603 281 2666 terribilem
302 2604 397 2665 cristis
419 2603 533 2682 galeam
554 2601 744 2684 flammasque
765 2605 925 2664 minantem

124 2687 328 2767 fatiferumque
346 2705 455 2758 ensem,
476 2687 598 2748 loricam
617 2706 653 2749 ex
675 2705 744 2749 aere
765 2689 909 2766 rigentem

122 2773 312 2849 sanguineam
330 2771 487 2850 ingentem,
512 2770 604 2850 qualis
627 2790 694 2833 cum
717 2770 833 2832 caerula
852 2770 944 2832 nubas

122 2854 191 2914 solis
213 2854 370 2915 inardescit
389 2855 479 2916 radiis
498 2854 644 2935 longeque
665 2854 806 2932 refulget:

123 2945 186 2997 tum
205 2935 276 2997 levis
298 2952 400 2996 ocreas
418 2935 527 2997 electro
549 2954 680 3015 auroque
698 2943 816 2997 recocto

122 3020 294 3097 hastamque
316 3025 345 3079 et
366 3017 450 3096 clipei
472 3034 532 3078 uon
555 3019 719 3079 enarrabile
740 3026 861 3079 textum.

124 3101 181 3163 illic
203 3119 251 3162 res
272 3100 359 3162 italas
377 3101 636 3179 Romanorumque
657 3101 822 3179 triumphos

124 3185 196 3246 haut
217 3191 314 3247 vatum
339 3186 457 3264 ignarus
479 3184 651 3265 venturique
672 3185 781 3246 inscius
805 3185 866 3245 aevi

124 3268 234 3330 lecerat
253 3270 426 3348 ignipotens,
445 3268 504 3330 illie
525 3286 618 3348 genus
641 3285 727 3329 omne
749 3268 864 3329 luturae

124 3353 222 3430 stirpis
244 3352 280 3413 ab
302 3352 425 3413 Ascanio
447 3360 632 3433 pugnataque
653 3353 682 3413 in
706 3351 808 3414 ordine
829 3349 913 3413 bella.
1005 3377 1008 3385 ·

125 3437 235 3499 lecerat
256 3443 286 3497 et
305 3436 389 3497 viridi
406 3437 496 3499 letam
512 3437 648 3499 Mavortis
670 3438 700 3497 in
718 3443 802 3498 antro

123 3520 317 3600 procubuisse
339 3518 448 3599 lupam,
471 3523 601 3598 geminos
623 3521 691 3582 huic
709 3520 801 3582 ubera
823 3521 933 3581 circum
