2512 4096
142 232 203 292 270
473 242 618 289 vrnorm
644 207 768 290 adnuis
787 243 822 288 rx

142 401 304 480 suspiciens
325 398 427 469 altum,
445 398 558 459 Lunam
580 399 622 457 sic
643 415 714 458 voce
736 406 889 474 precatur:

143 492 198 557 ‘tu,
219 483 282 552 dea,
306 489 337 544 tu
359 499 499 561 praesens
521 489 623 541 nostro
644 499 785 541 succurre
806 481 909 550 labori,

143 576 290 629 astrorum
315 566 406 628 decus
429 572 459 627 et
480 583 635 625 nemorum
657 566 778 624 Latonia
799 573 906 625 custos.
1119 573 1169 623 too

141 653 223 732 siqua
246 653 303 711 tuis
326 667 468 730 umquam
489 666 545 726 pro
565 667 612 710 me
633 657 717 727 pater
738 649 882 728 Hyrtacus
904 650 963 707 aris

142 735 218 796 dona
240 733 314 803 tulit,
338 735 420 812 siqua
442 735 505 811 ipse
527 735 600 794 meis
622 732 774 794 venatibus
796 734 863 793 auxi

142 818 317 899 suspendive
337 817 420 877 tholo
443 825 492 878 aut
514 835 598 877 sacra
620 818 656 876 ad
679 817 791 894 fastigia
814 817 880 877 dxi:

142 904 222 966 bunc
244 905 307 963 sine
329 920 378 964 me
397 902 518 963 turbare
541 900 662 977 globum
685 909 714 960 ct
733 918 804 977 rege
822 899 879 960 tela
902 917 955 977 per
979 902 1092 960 auras!

142 988 263 1057 dixerat,
288 995 316 1048 et
336 992 399 1046 toto
422 988 544 1045 conixus
567 1002 693 1063 corpore
716 985 830 1045 ferrum
1116 990 1167 1042 tlt

143 1073 267 1133 conicit:
289 1071 372 1130 hasta
394 1069 494 1130 volans
517 1071 611 1128 noetis
633 1068 800 1128 diverberat
819 1066 940 1129 umbras

143 1157 268 1217 eivenit
289 1173 381 1215 aversi
402 1156 432 1214 in
455 1161 570 1230 tergum
593 1151 740 1212 Sulmonis
763 1151 861 1231 ibique

143 1240 290 1316 frangitur
313 1257 346 1299 ac
370 1239 437 1298 fisso
457 1239 561 1297 transit
581 1237 754 1312 praecordia
775 1236 865 1315 ligno.

143 1322 268 1384 volvitur
290 1321 339 1383 ille
362 1339 482 1383 vomens
504 1319 630 1382 calidum
652 1321 688 1381 de
710 1327 831 1398 pectore
853 1319 963 1380 ilumen

141 1406 266 1483 frigidus
290 1413 318 1465 et
339 1404 433 1482 longis
456 1403 631 1484 singultibus
654 1404 700 1465 ilia
717 1404 824 1483 pulsat.

143 1490 248 1551 diversi
272 1490 520 1567 circumspiciunt.
553 1488 610 1549 hoe
633 1491 730 1548 acrior
750 1489 829 1550 idem

142 1591 211 1634 ecoe
234 1571 311 1631 aliud
333 1589 448 1632 summa
470 1572 562 1632 telum
585 1571 712 1632 librabat
733 1571 771 1632 ab
793 1590 873 1634 aure.

142 1657 212 1717 dum
234 1655 392 1732 trepidant,
415 1656 437 1714 it
455 1656 538 1715 hasta
557 1655 637 1732 'lego
659 1673 713 1732 per
735 1664 851 1734 tempus
871 1663 1034 1732 utrumque

125 1736 268 1800 stridens
288 1739 468 1816 traiectoque
487 1738 582 1798 haesit
604 1739 749 1816 tepelaeta
770 1739 905 1800 cerebro.

142 1823 231 1884 saevit
253 1831 337 1883 atrox
356 1822 480 1883 Volcens
500 1839 555 1882 nec
577 1821 628 1881 teli
650 1823 794 1900 conspicit
815 1841 940 1901 usquam

142 1915 294 1970 auctorem
313 1925 371 1968 neo
393 1924 450 1984 quo
474 1924 505 1967 se
529 1906 637 1967 ardens
661 1908 811 1966 inmittere
833 1909 935 1984 possit.

143 1999 189 2052 ‘tu
211 1999 310 2052 tamen
331 1992 443 2052 interea
466 1989 560 2051 calido
583 1990 657 2051 mihi
678 1994 820 2068 sanguine
842 2008 954 2068 poenas

141 2075 292 2155 persolves
315 2075 485 2136 amborum'
506 2077 614 2153 inquit;
635 2073 722 2135 simul
745 2092 815 2136 ense
836 2074 954 2136 recluso

142 2160 202 2221 ibat
222 2161 254 2219 in
275 2159 444 2237 Euryalum.
478 2168 541 2220 tum
563 2176 633 2220 vero
654 2161 820 2228 exterritus,
844 2176 945 2218 amens

144 2243 308 2305 conclamat
330 2243 426 2314 Nisus,
447 2261 503 2305 nec
521 2261 553 2304 se
573 2241 672 2305 celare
696 2243 827 2304 tenebris

143 2327 269 2405 emplius
297 2335 346 2387 aut
367 2333 479 2388 tantum
498 2329 592 2405 potuit
613 2326 748 2404 perferre
768 2327 911 2387 dolorem.

147 2415 207 2471 ‘me
230 2429 278 2472 me
301 2411 413 2490 (adsum
436 2413 485 2488 qui
506 2411 584 2490 ieci),
609 2413 638 2468 in
658 2429 706 2471 me
727 2413 886 2471 convertite
908 2406 1067 2480 serrum·

142 2493 291 2555 oRutuli!
316 2514 381 2554 mea
404 2496 484 2555 fraus
506 2496 618 2561 omnis;
641 2493 712 2553 nihil
732 2496 785 2554 iste
807 2512 862 2555 nec
885 2511 974 2554 ausus

142 2597 198 2640 nec
218 2581 312 2656 potuit
336 2577 458 2656 (caelum
481 2578 538 2637 hoc
561 2585 589 2637 et
610 2580 726 2636 conscia
744 2577 841 2637 sidera
864 2579 976 2655 testor),

142 2669 254 2723 tantum
277 2660 422 2738 infelicem
447 2662 567 2720 nimium
589 2659 689 2720 dilexit
708 2661 853 2729 amicum‚'

64 2792 67 2796 a
143 2746 211 2805 talia
234 2745 310 2805 dicta
333 2743 433 2811 dabat;
457 2743 508 2803 sed
530 2743 642 2802 viribus
662 2744 740 2803 ensis
762 2745 883 2804 adactus

143 2827 296 2889 transabiit
318 2836 414 2888 costas
436 2835 464 2888 et
484 2826 607 2887 candida
628 2834 749 2906 pectora
771 2829 891 2906 rumpit.

142 2909 267 2973 volvitur
287 2911 430 2992 Euryalus
452 2911 520 2981 leto,
543 2909 744 2990 pulchrosque
765 2930 820 2990 per
842 2920 923 2972 artus

143 2999 165 3057 it
186 3014 285 3066 cruor,
307 2997 395 3074 inque
414 3014 533 3058 umeros
556 2998 653 3057 cervix
674 2995 811 3076 conlapsa
832 2986 1011 3058 recumbitz‘

144 3097 311 3159 purpureus
333 3081 423 3141 veluti
443 3099 510 3142 cum
528 3081 581 3141 llos
601 3083 733 3142 succisus
754 3089 851 3140 aratro

144 3163 304 3240 languescit
325 3166 455 3226 moriens
477 3165 588 3225 lassove
607 3183 753 3243 papavera
777 3162 851 3223 collo

143 3247 288 3308 demisere
310 3257 406 3325 capnt,
428 3249 524 3327 pluvia
548 3265 614 3308 cum
637 3249 712 3307 lorte
734 3254 901 3324 gravantur.

143 3337 172 3391 at
191 3329 278 3390 Nisus
299 3333 358 3389 ruit
378 3334 408 3391 in
430 3332 543 3393 medios
561 3330 715 3410 solumque
736 3346 791 3408 per
812 3332 906 3389 omnis

143 3413 313 3476 Volcentem
335 3417 415 3493 petit,
440 3417 468 3475 in
490 3415 551 3474 solo
573 3412 711 3476 Volcente
733 3420 874 3475 moratur.

144 3517 232 3577 quem
244 3500 356 3559 circum
373 3498 527 3577 glomerati
541 3498 640 3560 hostes
657 3499 725 3559 hinc
737 3500 899 3560 comminus
916 3505 1002 3575 atquo
1017 3495 1088 3556 binc
1110 3507 1171 3556 440*
