2512 4096
404 291 547 341 cunoni
570 291 696 341 anunm
717 293 741 339 x
1015 279 1076 342 293

64 448 144 513 solus
167 466 222 527 ego
241 450 270 510 in
293 447 424 510 Pallanta
447 449 536 522 feror,
559 447 613 509 soli
635 447 707 509 mibi
728 447 824 509 Pallas

64 533 207 603 debetur;
231 550 372 613 cuperem
391 534 455 612 ipse
477 550 586 612 parens
607 539 755 611 spectator
776 531 910 605 adesset'

63 619 137 680 haec
158 619 207 689 ait,
230 624 259 678 et
280 618 353 679 socii
374 624 527 680 cesserunt
549 633 678 696 aequore
699 616 788 678 iusso.

63 711 92 763 at
112 700 252 763 Rutulum
277 701 417 763 abscessu
436 702 551 763 iuvenis
570 708 634 762 tum
655 701 734 762 iussa
756 699 884 778 superba
1027 708 1079 760 446

62 787 185 847 miratus
206 792 305 866 stupet
324 787 356 846 in
378 785 481 846 'lirrno
505 802 673 863 corpusque
696 786 876 863 peringens

61 869 170 932 'nmina
192 869 280 931 volvit
302 869 424 948 obitque
445 870 521 930 truci
540 868 647 948 procul
668 871 768 930 omnia
789 870 852 930 visu

61 953 168 1016 talibus
191 961 220 1016 et
242 954 327 1015 dictis
347 956 369 1015 it
391 961 494 1015 eontra
517 954 593 1014 dicta
613 955 748 1033 tyranni:

62 1046 130 1100 ‘aut
152 1038 253 1118 spoliis
276 1055 332 1116 ego
354 1039 411 1100 iam
431 1039 523 1116 raptis
544 1037 687 1099 laudabor
710 1038 816 1116 opimis

61 1130 112 1184 aut
133 1121 192 1183 leto
212 1123 338 1202 insigni:
359 1124 431 1184 sorti
453 1130 538 1202 pater
557 1140 645 1184 aecus
666 1123 822 1201 utriquest.

62 1205 133 1267 ¹nolle
152 1204 268 1268 minas!
299 1207 375 1268 latus
395 1206 525 1268 medium
547 1206 682 1287 procedit
703 1207 735 1266 iu
757 1223 877 1284 aequor.

61 1290 187 1367 frigidus
207 1290 371 1352 Arcadibus
394 1290 452 1350 coit
472 1292 503 1350 in
523 1290 699 1368 praecordia
722 1292 851 1368 sanguis.

61 1373 179 1436 desiluit
199 1375 317 1437 Turnus
334 1374 449 1452 biiugis,
472 1374 564 1455 pedes
584 1380 709 1452 apparat
727 1376 772 1434 ire

62 1460 243 1528 comminus:
262 1467 354 1539 utque
370 1457 428 1527 leo,
449 1458 568 1537 specula
585 1476 653 1520 cum
676 1458 748 1529 vidit
769 1458 804 1520 ab
828 1458 883 1520 alta

63 1549 143 1604 stare
163 1541 269 1623 procul
291 1544 401 1622 campis
421 1543 612 1605 meditantem
633 1543 665 1602 in
686 1542 800 1622 proelia
820 1549 948 1613 taurum,

63 1625 193 1689 advolat:
216 1627 288 1689 haut
310 1627 430 1690 aliaest
451 1627 546 1689 Turni
567 1629 711 1689 venientis
732 1629 839 1706 imago.

61 1711 144 1773 hunc
164 1710 217 1772 ubi
235 1713 405 1791 contiguum
426 1712 532 1774 missae
555 1711 619 1773 iore
641 1712 769 1773 eredidit
792 1713 902 1783 hastae,

60 1798 107 1857 ire
127 1796 211 1874 prior
233 1795 338 1867 Pallas,
358 1797 441 1876 siqua
462 1796 524 1856 iors
547 1796 664 1858 adiuret
685 1814 791 1858 ausum

61 1878 172 1941 viribus
193 1880 356 1957 inparibus,
380 1897 580 1961 magnumque
600 1882 640 1941 ita
662 1880 699 1941 ad
721 1881 841 1941 aethera
863 1880 957 1940 latur:

63 1975 133 2043 ‘per
155 1965 248 2042 patris
271 1964 430 2041 hospitium
454 1972 483 2024 et
502 1982 630 2034 mensas„
653 1981 726 2044 quas
750 1963 860 2026 advena
882 1963 974 2031 adisti,

62 2054 93 2108 te
114 2065 232 2126 precor,
254 2047 364 2117 Alcide,
389 2049 502 2126 coeptis
524 2046 692 2125 ingentibus
715 2046 803 2108 adsis.

63 2136 166 2192 cernat
187 2131 326 2191 semineci
350 2130 405 2190 sibi
426 2149 476 2190 me
497 2148 604 2208 rapere
626 2147 708 2190 arma
732 2138 853 2192 cruenta

63 2216 265 2294 victoremque
286 2215 382 2275 ierant
401 2215 557 2274 morientia
579 2213 691 2275 lumina
710 2213 823 2275 'lurni’

64 2298 154 2360 audiit
174 2298 289 2360 Alcides
309 2300 444 2360 iuvenem
466 2315 664 2376 magnumque
685 2296 738 2359 sub
756 2298 815 2359 imo

64 2383 154 2444 corde
176 2383 284 2462 premit
306 2382 448 2460 gemitum
470 2382 667 2462 lacrimasque
688 2381 811 2444 effundit
829 2384 931 2444 inanis.

64 2474 128 2527 turn
147 2466 262 2546 genitor
281 2473 383 2527 natum
404 2467 489 2528 dietis
511 2467 627 2529 adlatur
648 2467 763 2527 amicis:

66 2557 138 2611 ‘stat
156 2568 210 2613 sua
232 2553 337 2630 cuique
359 2551 430 2622 dies,
454 2550 545 2613 breve
567 2558 596 2613 et
616 2549 815 2631 inreparabile
837 2559 954 2629 tempus

66 2634 204 2697 omnibus
225 2642 270 2697 est
288 2637 382 2698 vitae:
404 2634 455 2698 sed
469 2636 578 2698 famam
599 2636 759 2698 extendere
782 2635 875 2706 iactis,

64 2720 122 2781 hoc
143 2719 259 2782 virtutis
281 2738 365 2799 opus.
400 2720 508 2782 Troiae
529 2721 583 2782 suh
601 2719 757 2782 moenibus
777 2720 842 2782 altis

64 2812 107 2864 tot
127 2806 206 2882 gnati
229 2804 364 2865 cecidere
387 2805 490 2875 deum;
514 2807 587 2884 quin
609 2806 717 2866 occidit
738 2822 797 2866 uua
887 2877 893 2883 ..

65 2888 227 2964 Sarpedon,
250 2905 315 2948 mea
335 2889 503 2964 progenies.
539 2890 626 2949 etiam
648 2906 702 2950 sua
723 2888 866 2956 Turnum,

66 2972 123 3031 lata
145 2976 260 3040 vocant,
278 2976 431 3047 metasque
452 2971 513 3033 dati
532 2973 666 3048 pervenit
686 2971 723 3031 ad
743 2970 825 3033 aevi?

66 3055 108 3115 sio
130 3055 170 3115 ait
191 3060 279 3133 atque
300 3053 401 3114 oculos
421 3052 599 3115 Rutulorum
618 3055 704 3117 reicit
724 3055 810 3114 arvis.
883 3077 891 3090 ·

67 3146 97 3200 at
115 3136 210 3199 Pallas
231 3138 346 3216 magnis
367 3139 471 3200 emittit
495 3137 606 3199 viribus
627 3137 741 3198 hastam

66 3224 242 3303 [vaginaque
257 3242 326 3284 cava
336 3222 499 3302 fulgentem
521 3221 629 3300 deripit
650 3215 777 3299 ensem}

67 3305 115 3368 illa
137 3306 238 3368 volans
259 3309 356 3369 umeri
374 3314 501 3386 surgunt
519 3325 576 3386 qua
596 3307 726 3386 tegmina
749 3323 862 3368 summa

67 3392 169 3453 incidit
190 3397 277 3473 atque
299 3393 376 3453 dam
399 3391 485 3471 clipei
503 3391 604 3452 molita
624 3408 680 3469 per
702 3407 770 3451 oras

67 3474 188 3537 tandem
207 3476 294 3537 etiam
313 3494 419 3555 magno
438 3477 554 3537 strinxit
577 3475 614 3537 de
635 3493 761 3554 corpore
781 3474 885 3536 Turni.

67 3559 117 3622 hic
134 3559 253 3621 'l’urnus
276 3559 356 3620 ferro
376 3560 540 3639 praefixum
561 3559 655 3620 robur
677 3567 763 3620 acuto
