2512 4096
394 280 538 330 ventem
553 278 741 331 annunti

60 527 249 582 coenantem
273 517 437 598 primisuh
459 517 570 580 lumina
591 518 661 580 solis
683 525 713 581 et
735 525 817 582 ortus
1025 528 1080 588 aas
1119 546 1122 552 ·

59 603 114 664 sub
136 603 260 681 pedihus
281 603 396 681 mugire
416 601 513 663 sulum
531 609 561 664 et
581 601 650 681 luga
671 608 776 680 coepta
796 599 908 666 moveri

59 685 197 748 silvarum
219 689 355 766 visaeque
376 699 464 747 crues
481 684 596 747 ululare
616 704 670 764 per
691 685 828 748 umbram
892 691 894 696 '

60 770 234 832 adventante
256 772 319 831 dea.
365 767 486 847 ‘procul
508 786 526 830 o
547 769 653 848 procul
674 776 749 840 este,
770 769 902 850 prolaui'

59 853 222 915 conclamat
238 863 332 925 vates,
357 859 495 932 ‘totoque
517 853 646 914 absistite
668 852 751 923 lucn;
846 918 851 927 ,

59 943 149 1016 tuque
169 939 274 999 invade
295 938 372 998 riam
393 937 555 1016 vaginaque
577 937 659 1016 eripe
682 937 812 1000 ferrum:
1025 946 1079 1004 ado

58 1038 137 1081 nuuc
160 1023 264 1082 animis
288 1037 377 1100 opus,
400 1022 512 1092 Aenea,
538 1036 618 1083 nune
635 1027 758 1100 pectore
779 1019 889 1083 firmo’

58 1110 173 1165 tautum
195 1106 280 1165 allata
302 1106 404 1166 iurens
426 1112 511 1165 anim
530 1122 567 1167 se
588 1107 698 1166 inmisit
718 1114 837 1183 aperto;

58 1185 107 1248 ille
130 1188 238 1248 ducem
260 1188 332 1248 haut
348 1188 457 1248 timidis
470 1186 633 1250 'radentem
654 1189 790 1267 passibus
812 1195 927 1268 aequat.

99 1271 151 1340 Di,
174 1270 281 1350 quibus
303 1272 459 1348 imperium
480 1276 524 1332 est
545 1273 725 1343 animarum,
755 1270 938 1352 umbraeque
959 1271 1078 1334 silentes

59 1361 88 1416 et
111 1355 207 1416 Chaos
224 1364 252 1415 et
273 1353 472 1432 Phlegethon,
491 1353 558 1416 loca
579 1363 666 1417 nocte
688 1356 813 1417 tacentia
832 1355 905 1426 late,
1027 1364 1078 1422 265

57 1441 96 1500 sit
117 1439 188 1499 mihi
210 1438 254 1500 fas
273 1436 372 1501 audita
392 1436 486 1518 loqui,
509 1438 546 1498 sit
562 1441 683 1501 numine
704 1447 801 1501 vestro

57 1523 189 1602 pandere
209 1541 257 1584 res
279 1522 336 1584 alta
359 1530 440 1582 terra
462 1531 491 1584 et
512 1522 634 1602 caligine
655 1531 778 1584 mersas.

100 1607 186 1668 ibant
208 1606 327 1668 obscuri
348 1605 411 1668 sula
431 1606 487 1668 suh
506 1613 593 1669 nocte
614 1622 668 1686 per
690 1607 827 1670 umbram

57 1709 171 1770 perque
190 1690 293 1751 domos
313 1691 385 1752 lillis
407 1708 513 1752 vacuas
535 1698 565 1753 et
585 1692 681 1752 inania
700 1707 807 1771 regua:

58 1773 144 1854 quale
166 1793 221 1853 per
241 1776 383 1836 incertam
402 1774 504 1837 lunam
521 1775 579 1860 sub
600 1774 668 1838 luce
690 1774 816 1854 maligna

58 1868 102 1921 est
123 1861 178 1919 iter
200 1861 231 1920 iu
252 1859 345 1928 silvis,
368 1859 421 1921 uhi
442 1859 556 1921 caelum
578 1860 710 1920 condidit
727 1860 833 1921 umbra

58 1943 189 2020 luppiter
210 1952 239 2004 et
261 1944 353 2004 rebus
374 1958 434 2003 nox
456 1943 577 2003 abstulit
595 1951 658 2003 atra
681 1942 821 2003 colorem.

58 2024 236 2086 vestibulum
259 2035 326 2087 ante
344 2028 443 2104 lpsum
465 2027 567 2104 primis
589 2028 619 2085 in
637 2024 771 2085 lancibus
793 2025 863 2086 Orci

56 2107 167 2168 Luctus
181 2117 211 2169 at
226 2109 346 2169 ultrices
365 2125 492 2184 posuere
515 2107 621 2168 cubilia
640 2109 751 2177 Curae,

57 2191 259 2271 pallentesque
280 2191 413 2252 habitant
430 2189 526 2251 Morbi
548 2192 696 2268 tristisque
716 2189 862 2251 Senectus

59 2284 89 2336 et
109 2275 204 2336 hiatus
226 2281 255 2336 et
276 2272 443 2334 malesuada
464 2272 571 2334 Fames
589 2289 624 2334 ac
648 2275 742 2351 turpis
765 2272 903 2352 Egestas,

58 2358 205 2421 terribiles
227 2361 290 2418 visu
311 2359 439 2427 formae,
461 2357 624 2436 Letumque
648 2357 818 2436 Labosque;

58 2451 121 2505 tum
144 2443 378 2519 consanguineus
400 2440 463 2501 Leti
486 2440 581 2519 Sopor
604 2451 633 2503 et
651 2439 726 2501 mala
746 2442 852 2502 mentis

59 2526 171 2589 Gaudia
193 2528 436 2602 mortiferumque
457 2524 580 2585 adverso
602 2525 633 2585 in
654 2524 753 2586 limine
774 2523 889 2586 Rellum

57 2611 207 2688 ferreique
228 2608 424 2692 Eumenidum
444 2607 566 2669 thalami
584 2616 613 2670 et
633 2609 784 2671 Discordia
807 2609 941 2680 demens,

56 2697 209 2772 vipereum
229 2694 342 2755 crinem
363 2691 440 2752 vittis
456 2694 563 2754 innexa
583 2694 721 2754 eruentis.
744 2731 763 2749 .

99 2778 133 2838 lu
155 2778 252 2838 medio
270 2790 369 2838 ramos
389 2792 558 2856 annosaque
580 2777 720 2839 bracchia
742 2777 843 2856 pandit

57 2861 154 2922 rdmus
173 2879 264 2939 opaca
286 2862 404 2938 ingens,
428 2879 517 2940 quam
537 2860 638 2922 sedern
660 2861 779 2923 Somnia
800 2863 885 2942 volgo

59 2962 131 3004 rana
152 2952 254 3005 tenere
275 2944 375 3004 lerunt
396 2944 531 3023 foliisque
553 2945 609 3006 sub
631 2944 767 3006 omnibus
788 2946 921 3007 haerent.

57 3025 208 3107 multaque
228 3036 381 3105 praeterea
401 3030 550 3089 variarum
570 3039 703 3088 monstra
724 3030 855 3090 ferarum

58 3111 196 3172 Centauri
217 3113 246 3172 in
268 3112 381 3171 loribus
398 3112 545 3173 stabulant
566 3112 737 3192 Scyllaeque
758 3112 899 3174 biformes

57 3203 87 3255 et
108 3198 362 3272 centumgeminus
382 3195 522 3257 Briareus
544 3215 578 3256 ac
600 3196 687 3256 belua
711 3197 825 3258 Lernae

56 3279 239 3340 horrendum
260 3280 401 3349 stridens,
421 3279 604 3359 flammisque
626 3291 737 3341 armata
759 3281 927 3353 Chimaera,

56 3364 210 3440 Gorgones
225 3363 429 3442 Harpyiaeque
451 3373 480 3425 et
498 3366 593 3425 forma
616 3367 788 3444 tricorporis
811 3364 943 3428 umbrae.

56 3448 179 3525 corripit
194 3446 247 3506 'hic
271 3445 366 3507 subita
387 3449 519 3525 trepidus
538 3448 694 3510 formidine
716 3449 829 3511 lerrurn

55 3530 168 3593 Aeneas
188 3530 378 3608 strictamque
399 3531 493 3593 aciem
510 3532 694 3594 venientibus
713 3535 812 3605 ollert,
