2512 4096
415 263 560 312 vneorur
581 261 783 311 onoeoroou
806 265 832 310 11
1085 251 1120 312 41

124 421 255 481 nascitur
278 426 307 479 et
328 437 414 480 casus
436 418 518 479 abies
540 420 638 481 visura
660 419 801 480 marinos.

165 503 309 564 Inseritur
331 521 400 564 vero
422 510 452 563 et
472 504 557 563 nucis
579 503 702 564 arbutus
723 502 845 564 horrida
866 505 938 573 fetu,

124 595 153 647 et
176 585 292 646 steriles
313 585 424 664 platani
444 585 538 646 malos
559 604 679 664 gessere
700 585 840 656 valentes,
1094 593 1126 642 το

123 679 277 730 castaneae
297 669 395 746 lagos3
421 686 572 747 ornusque
593 671 726 730 incanuit
747 668 816 729 albo

123 754 196 813 llore
217 753 289 832 piri,
313 752 509 830 glandemque
531 771 599 814 sues
620 754 736 832 fregere
759 753 815 813 sub
837 753 933 814 ulmis.

123 854 179 897 nec
201 835 306 895 modus
326 837 461 896 inserere
483 843 572 914 atque
594 836 695 898 oculos
716 839 862 914 inponere
882 834 1015 914 simplex.

122 937 191 979 nam
214 936 272 996 qua
294 937 327 979 se
347 919 447 980 medio
468 919 594 981 trudunt
615 920 652 980 de
674 921 786 980 cortice
808 938 942 999 gemmae

124 1011 154 1062 et
175 1004 272 1062 tenuis
293 1010 436 1080 rumpunt
457 1005 587 1074 tunicas,
610 1010 753 1082 angustus
775 1005 807 1064 in
828 1007 893 1082 ipso
1093 1009 1125 1060 75

122 1087 156 1145 lit
178 1085 255 1145 nodo
277 1087 374 1146 sinus:
397 1086 456 1146 huc
477 1086 570 1148 aliena
594 1105 629 1146 ex
651 1087 757 1148 arbore
779 1104 902 1164 germen

123 1166 280 1229 includunt
300 1168 417 1246 udoque
440 1169 548 1231 docent
568 1171 733 1231 inolescere
754 1169 842 1231 libro.

125 1259 176 1311 aut
197 1269 318 1312 rursum
341 1252 453 1311 enodes
475 1256 572 1314 munci
593 1262 783 1322 resecantur,
808 1263 839 1314 et
860 1253 918 1313 alte

125 1333 247 1394 finditur
267 1335 299 1394 in
320 1332 448 1395 solidum
470 1339 572 1398 cuneis
594 1339 655 1407 via,
678 1336 786 1397 deinde
808 1338 922 1398 feraces

123 1417 243 1496 plantae
263 1419 478 1479 immittuntur:
501 1438 555 1480 nec
576 1420 698 1496 longum
719 1428 852 1500 tempus,
876 1428 906 1480 et
926 1420 1031 1496 ingens
1093 1424 1127 1476 80

124 1500 207 1561 exilit
228 1500 264 1560 ad
286 1499 400 1561 caelum
421 1504 511 1562 ramis
532 1503 666 1565 felicibus
687 1502 776 1563 arbos

124 1586 308 1660 miraturque
331 1602 421 1645 novas
442 1586 564 1647 frondes
587 1596 616 1647 et
637 1604 697 1646 non
719 1602 772 1648 sua
794 1605 890 1665 poma.

165 1667 322 1728 Praeterea
344 1686 437 1746 genus
458 1668 530 1730 baut
552 1688 644 1731 uuum
666 1689 721 1730 nec
742 1669 869 1731 fortibus
891 1669 978 1730 ulmis

122 1770 179 1812 nec
200 1729 424 1830 salicftotoque
447 1771 543 1831 neque
564 1753 659 1814 Idaeis
681 1756 845 1833 cyparissis,

122 1853 178 1895 nce
200 1836 325 1913 pingues
347 1854 436 1896 unam
458 1838 490 1896 in
512 1839 617 1902 taciem
639 1846 801 1899 nascuntur
824 1835 925 1906 olivae,
1094 1841 1127 1892 85

123 1918 269 1979 orchades
293 1928 323 1979 et
343 1919 419 1978 radii
441 1926 470 1980 et
491 1939 590 1981 amara
611 1922 714 2000 pausia
735 1920 808 1981 baca

123 2018 268 2078 pomaque
291 2009 322 2062 et
340 2002 455 2063 Alcinoi
476 2004 579 2071 silvae,
603 2023 659 2064 nee
680 2003 817 2064 surculus
838 2002 917 2061 idem

124 2083 298 2145 Crustumiis
322 2085 473 2163 Syriisque
494 2089 566 2165 piris
588 2085 784 2162 gravibusque
807 2083 954 2144 volaemis.

124 2185 185 2226 non
208 2167 310 2228 eadem
332 2167 487 2228 arboribus
509 2169 619 2245 pendet
640 2168 787 2226 uindemia
808 2169 927 2236 nostris,

124 2268 214 2327 quam
235 2249 441 2326 Methymnaeo
463 2252 559 2327 carpit
581 2251 617 2309 de
637 2249 758 2327 palmite
779 2249 906 2319 Lesbos;
1091 2255 1126 2307 90

124 2340 195 2391 sunt
215 2330 341 2390 Thasiae
363 2333 451 2399 vites,
475 2341 544 2393 sunt
566 2341 596 2393 et
617 2318 792 2394 Mareotides
814 2333 906 2402 albae,

123 2412 284 2493 pinguibus
306 2413 362 2474 bae
383 2416 473 2474 terris
495 2415 621 2485 habiles,
644 2415 805 2477 levioribus
826 2416 903 2485 illac,

125 2507 155 2558 et
175 2515 263 2576 passo
284 2497 392 2575 psithia
414 2497 515 2558 utilior
536 2501 692 2576 tenuisque
712 2499 813 2577 lageos

123 2589 301 2659 temptatura
322 2581 414 2658 pedes
436 2581 505 2642 olim
525 2584 718 2660 vincturaque
739 2583 881 2660 linguam,

122 2682 291 2742 purpureae
311 2667 502 2742 predaeque,
527 2673 556 2726 et
577 2683 636 2742 quo
658 2675 688 2727 te
710 2669 841 2728 carmine
863 2668 968 2737 dicam,
1094 2673 1127 2725 95

122 2747 281 2808 Rhaetica?
310 2766 366 2808 nec
388 2747 470 2810 cellis
490 2749 558 2809 ideo
580 2750 726 2810 contende
747 2750 889 2812 Falernis.

122 2838 192 2894 sunt
214 2840 243 2891 et
263 2831 423 2892 Aminneae
445 2836 532 2903 vites,
555 2834 726 2893 firmissima
747 2835 823 2902 vina,

122 2913 254 2974 Tmolius
277 2913 411 2991 adsurgit
432 2917 539 2991 quibus
562 2926 592 2977 et
613 2934 667 2976 rex
688 2919 750 2993 ipse
772 2916 942 2984 Phanaeus:

121 2999 291 3074 Argitisque
312 2999 426 3065 minor;
449 3002 495 3060 cui
517 3018 577 3060 non
600 3002 758 3059 certaverit
780 2999 837 3059 ulla

122 3089 174 3141 aut
194 3086 309 3140 tantum
331 3080 424 3141 liuere
445 3092 496 3142 aut
516 3082 639 3143 totidem
662 3082 770 3143 durare
790 3100 845 3160 per
867 3100 970 3143 annos.
1078 3089 1127 3140 100

120 3182 183 3224 nou
205 3182 261 3241 ego
284 3171 328 3235 te,
351 3164 397 3224 dis
419 3170 449 3225 et
469 3168 580 3227 mensis
602 3173 722 3244 accepta
744 3166 890 3236 secundis,

121 3251 305 3317 transierim,
328 3248 458 3318 Rhodia,
483 3258 513 3311 et
533 3248 668 3318 tumidis,
691 3249 842 3327 bumaste,
863 3253 997 3311 racemis.
1030 3252 1032 3256 ’

122 3331 175 3393 sed
197 3349 402 3411 nequequam
423 3333 533 3394 multae
547 3333 677 3413 species,
702 3351 756 3394 nec
777 3335 896 3394 nomina
919 3350 993 3410 quae
1016 3335 1084 3401 sint,

123 3424 170 3476 est
190 3433 348 3481 numerus:
371 3432 469 3492 neque
492 3419 569 3478 enim
591 3434 717 3477 numero
740 3417 953 3496 comprendere
975 3418 1083 3485 relert;

123 3515 214 3577 quem
235 3498 286 3577 qui
308 3499 385 3559 seire
407 3499 491 3570 velit,
507 3500 616 3578 vLibyci
637 3499 707 3560 velit
728 3503 865 3580 aequoris
886 3500 965 3559 idem
1077 3506 1126 3557 105
