<?xml version="1.0" encoding="UTF-8"?>
<!DOCTYPE html PUBLIC "-//W3C//DTD XHTML 1.0 Transitional//EN"
    "http://www.w3.org/TR/xhtml1/DTD/xhtml1-transitional.dtd">
<html xmlns="http://www.w3.org/1999/xhtml" xml:lang="en" lang="en">
 <head>
  <title>
</title>
<meta http-equiv="Content-Type" content="text/html;charset=utf-8" />
  <meta name='ocr-system' content='tesseract 3.04.00' />
  <meta name='ocr-capabilities' content='ocr_page ocr_carea ocr_par ocr_line ocrx_word'/>
</head>
<body>
  <div class='ocr_page' id='page_1' title='image "./pvergilimaronis12virggoog/pvergilimaronis12virggoog_0094.png"; bbox 0 0 2504 4094; ppageno 0'>
   <div class='ocr_carea' id='block_1_1' title="bbox 359 273 1072 338">
    <p class='ocr_par' dir='ltr' id='par_1_1' title="bbox 359 273 1072 338">
     <span class='ocr_line' id='line_1_1' title="bbox 359 273 1072 338; baseline -0.001 -1"><span class='ocrx_word' id='word_1_1' title='bbox 359 288 502 337; x_wconf 80' lang='lat' dir='ltr'>vnnorm</span> <span class='ocrx_word' id='word_1_2' title='bbox 526 287 727 338; x_wconf 81' lang='lat' dir='ltr'>ononorcou</span> <span class='ocrx_word' id='word_1_3' title='bbox 747 288 788 336; x_wconf 90' lang='lat'>111</span> <span class='ocrx_word' id='word_1_4' title='bbox 1033 273 1072 336; x_wconf 85' lang='grc'>61</span> 
     </span>
    </p>
   </div>
   <div class='ocr_carea' id='block_1_2' title="bbox 21 441 1075 3272">
    <p class='ocr_par' dir='ltr' id='par_1_2' title="bbox 21 441 1075 2938">
     <span class='ocr_line' id='line_1_2' title="bbox 69 441 1074 524; baseline 0.001 -18"><span class='ocrx_word' id='word_1_5' title='bbox 69 453 157 524; x_wconf 91' lang='lat' dir='ltr'>atque</span> <span class='ocrx_word' id='word_1_6' title='bbox 180 445 300 505; x_wconf 72' lang='lat' dir='ltr'>canum?</span> <span class='ocrx_word' id='word_1_7' title='bbox 320 444 389 523; x_wconf 93' lang='lat' dir='ltr'>quid</span> <span class='ocrx_word' id='word_1_8' title='bbox 411 461 486 523; x_wconf 92' lang='lat' dir='ltr'>quae</span> <span class='ocrx_word' id='word_1_9' title='bbox 507 441 630 504; x_wconf 86' lang='lat' dir='ltr'>inbelles</span> <span class='ocrx_word' id='word_1_10' title='bbox 652 444 721 505; x_wconf 89' lang='lat' dir='ltr'>dant</span> <span class='ocrx_word' id='word_1_11' title='bbox 741 442 851 521; x_wconf 90' lang='lat' dir='ltr'>proelia</span> <span class='ocrx_word' id='word_1_12' title='bbox 875 442 969 503; x_wconf 72' lang='lat' dir='ltr'>cerril</span> <span class='ocrx_word' id='word_1_13' title='bbox 1022 452 1074 507; x_wconf 81' lang='lat'>265</span> 
     </span>
     <span class='ocr_line' id='line_1_3' title="bbox 69 526 1075 609; baseline 0.001 -20"><span class='ocrx_word' id='word_1_14' title='bbox 69 529 139 609; x_wconf 92' lang='lat' dir='ltr'>qnid</span> <span class='ocrx_word' id='word_1_15' title='bbox 160 529 280 598; x_wconf 88' lang='lat' dir='ltr'>iuvenis,</span> <span class='ocrx_word' id='word_1_16' title='bbox 302 545 441 605; x_wconf 88' lang='lat' dir='ltr'>magnum</span> <span class='ocrx_word' id='word_1_17' title='bbox 463 527 510 587; x_wconf 93' lang='lat' dir='ltr'>cui</span> <span class='ocrx_word' id='word_1_18' title='bbox 530 534 627 588; x_wconf 89' lang='lat' dir='ltr'>versat</span> <span class='ocrx_word' id='word_1_19' title='bbox 647 528 677 586; x_wconf 93' lang='lat' dir='ltr'>in</span> <span class='ocrx_word' id='word_1_20' title='bbox 699 526 813 587; x_wconf 89' lang='lat' dir='ltr'>ossibus</span> <span class='ocrx_word' id='word_1_21' title='bbox 834 527 931 603; x_wconf 83' lang='lat' dir='ltr'>ignem</span> <span class='ocrx_word' id='word_1_22' title='bbox 1022 535 1075 590; x_wconf 76' lang='lat'>258</span> 
     </span>
     <span class='ocr_line' id='line_1_4' title="bbox 68 608 858 689; baseline -0.004 -17"><span class='ocrx_word' id='word_1_23' title='bbox 68 612 162 673; x_wconf 87' lang='lat' dir='ltr'>durus</span> <span class='ocrx_word' id='word_1_24' title='bbox 183 612 283 673; x_wconf 82' lang='lat' dir='ltr'>amori</span> <span class='ocrx_word' id='word_1_25' title='bbox 304 628 410 689; x_wconf 83' lang='lat' dir='ltr'>nempe</span> <span class='ocrx_word' id='word_1_26' title='bbox 431 610 563 687; x_wconf 80' lang='lat' dir='ltr'>abruptis</span> <span class='ocrx_word' id='word_1_27' title='bbox 583 609 700 671; x_wconf 88' lang='lat' dir='ltr'>turbata</span> <span class='ocrx_word' id='word_1_28' title='bbox 721 608 858 688; x_wconf 90' lang='lat' dir='ltr'>procellis</span> 
     </span>
     <span class='ocr_line' id='line_1_5' title="bbox 67 693 1074 772; baseline 0 -18"><span class='ocrx_word' id='word_1_29' title='bbox 67 703 154 756; x_wconf 90' lang='lat' dir='ltr'>nocte</span> <span class='ocrx_word' id='word_1_30' title='bbox 175 703 256 756; x_wconf 89' lang='lat' dir='ltr'>natat</span> <span class='ocrx_word' id='word_1_31' title='bbox 277 712 363 756; x_wconf 87' lang='lat' dir='ltr'>caeca</span> <span class='ocrx_word' id='word_1_32' title='bbox 385 711 470 755; x_wconf 89' lang='lat' dir='ltr'>serus</span> <span class='ocrx_word' id='word_1_33' title='bbox 490 693 581 763; x_wconf 86' lang='lat' dir='ltr'>freta;</span> <span class='ocrx_word' id='word_1_34' title='bbox 605 712 690 772; x_wconf 91' lang='lat' dir='ltr'>quem</span> <span class='ocrx_word' id='word_1_35' title='bbox 713 711 802 770; x_wconf 93' lang='lat' dir='ltr'>super</span> <span class='ocrx_word' id='word_1_36' title='bbox 823 694 925 770; x_wconf 92' lang='lat' dir='ltr'>ingens</span> <span class='ocrx_word' id='word_1_37' title='bbox 1022 701 1074 754; x_wconf 76' lang='lat'>260</span> 
     </span>
     <span class='ocr_line' id='line_1_6' title="bbox 66 775 853 856; baseline -0.005 -17"><span class='ocrx_word' id='word_1_38' title='bbox 66 787 151 856; x_wconf 89' lang='lat' dir='ltr'>porta</span> <span class='ocrx_word' id='word_1_39' title='bbox 174 785 256 840; x_wconf 91' lang='lat' dir='ltr'>tonat</span> <span class='ocrx_word' id='word_1_40' title='bbox 277 778 363 848; x_wconf 89' lang='lat' dir='ltr'>caeli,</span> <span class='ocrx_word' id='word_1_41' title='bbox 392 785 422 838; x_wconf 91' lang='lat' dir='ltr'>et</span> <span class='ocrx_word' id='word_1_42' title='bbox 442 776 569 854; x_wconf 90' lang='lat' dir='ltr'>scopulis</span> <span class='ocrx_word' id='word_1_43' title='bbox 589 776 671 836; x_wconf 91' lang='lat' dir='ltr'>inlisa</span> <span class='ocrx_word' id='word_1_44' title='bbox 693 775 853 837; x_wconf 89' lang='lat' dir='ltr'>reclamant</span> 
     </span>
     <span class='ocr_line' id='line_1_7' title="bbox 67 861 870 941; baseline -0.005 -19"><span class='ocrx_word' id='word_1_45' title='bbox 67 880 211 941; x_wconf 86' lang='lat' dir='ltr'>aequora;</span> <span class='ocrx_word' id='word_1_46' title='bbox 234 880 289 923; x_wconf 92' lang='lat' dir='ltr'>nec</span> <span class='ocrx_word' id='word_1_47' title='bbox 309 861 411 922; x_wconf 91' lang='lat' dir='ltr'>miseri</span> <span class='ocrx_word' id='word_1_48' title='bbox 431 868 554 940; x_wconf 90' lang='lat' dir='ltr'>possunt</span> <span class='ocrx_word' id='word_1_49' title='bbox 574 878 712 922; x_wconf 85' lang='lat' dir='ltr'>revocare</span> <span class='ocrx_word' id='word_1_50' title='bbox 732 866 870 939; x_wconf 88' lang='lat' dir='ltr'>parentes</span> 
     </span>
     <span class='ocr_line' id='line_1_8' title="bbox 67 942 1075 1026; baseline -0.001 -20"><span class='ocrx_word' id='word_1_51' title='bbox 67 945 137 1026; x_wconf 90' lang='lat' dir='ltr'>[nec</span> <span class='ocrx_word' id='word_1_52' title='bbox 159 947 301 1007; x_wconf 88' lang='lat' dir='ltr'>moritura</span> <span class='ocrx_word' id='word_1_53' title='bbox 322 963 412 1024; x_wconf 93' lang='lat' dir='ltr'>super</span> <span class='ocrx_word' id='word_1_54' title='bbox 434 943 545 1006; x_wconf 88' lang='lat' dir='ltr'>crudeb</span> <span class='ocrx_word' id='word_1_55' title='bbox 565 944 669 1005; x_wconf 82' lang='lat' dir='ltr'>funere</span> <span class='ocrx_word' id='word_1_56' title='bbox 689 942 796 1024; x_wconf 81' lang='lat' dir='ltr'>virgo]</span> <span class='ocrx_word' id='word_1_57' title='bbox 1023 951 1075 1005; x_wconf 73' lang='lat'>263</span> 
     </span>
     <span class='ocr_line' id='line_1_9' title="bbox 65 1030 1075 1105; baseline -0.001 -17"><span class='ocrx_word' id='word_1_58' title='bbox 65 1046 165 1089; x_wconf 93' lang='lat' dir='ltr'>nonne</span> <span class='ocrx_word' id='word_1_59' title='bbox 186 1030 281 1099; x_wconf 86' lang='lat' dir='ltr'>vides,</span> <span class='ocrx_word' id='word_1_60' title='bbox 305 1036 338 1089; x_wconf 96' lang='lat' dir='ltr'>ut</span> <span class='ocrx_word' id='word_1_61' title='bbox 358 1037 418 1089; x_wconf 83' lang='lat' dir='ltr'>tota</span> <span class='ocrx_word' id='word_1_62' title='bbox 439 1035 551 1089; x_wconf 90' lang='lat' dir='ltr'>tremor</span> <span class='ocrx_word' id='word_1_63' title='bbox 572 1035 749 1105; x_wconf 81' lang='lat' dir='ltr'>pertemptet</span> <span class='ocrx_word' id='word_1_64' title='bbox 771 1043 914 1105; x_wconf 88' lang='lat' dir='ltr'>equorum</span> <span class='ocrx_word' id='word_1_65' title='bbox 1022 1034 1075 1087; x_wconf 73' lang='lat'>250</span> 
     </span>
     <span class='ocr_line' id='line_1_10' title="bbox 67 1109 826 1190; baseline -0.003 -18"><span class='ocrx_word' id='word_1_66' title='bbox 67 1129 206 1190; x_wconf 89' lang='lat' dir='ltr'>corpora,</span> <span class='ocrx_word' id='word_1_67' title='bbox 229 1114 253 1173; x_wconf 93' lang='lat' dir='ltr'>si</span> <span class='ocrx_word' id='word_1_68' title='bbox 274 1121 386 1174; x_wconf 91' lang='lat' dir='ltr'>tantum</span> <span class='ocrx_word' id='word_1_69' title='bbox 408 1119 492 1172; x_wconf 88' lang='lat' dir='ltr'>notas</span> <span class='ocrx_word' id='word_1_70' title='bbox 513 1111 587 1172; x_wconf 93' lang='lat' dir='ltr'>odor</span> <span class='ocrx_word' id='word_1_71' title='bbox 608 1109 702 1171; x_wconf 88' lang='lat' dir='ltr'>attulit</span> <span class='ocrx_word' id='word_1_72' title='bbox 723 1111 826 1171; x_wconf 82' lang='lat' dir='ltr'>aurasl</span> 
     </span>
     <span class='ocr_line' id='line_1_11' title="bbox 67 1192 968 1273; baseline -0.003 -19"><span class='ocrx_word' id='word_1_73' title='bbox 67 1213 103 1255; x_wconf 91' lang='lat' dir='ltr'>ac</span> <span class='ocrx_word' id='word_1_74' title='bbox 124 1212 219 1273; x_wconf 90' lang='lat' dir='ltr'>nequo</span> <span class='ocrx_word' id='word_1_75' title='bbox 241 1214 292 1257; x_wconf 93' lang='lat' dir='ltr'>eos</span> <span class='ocrx_word' id='word_1_76' title='bbox 313 1197 371 1256; x_wconf 91' lang='lat' dir='ltr'>iam</span> <span class='ocrx_word' id='word_1_77' title='bbox 393 1196 475 1257; x_wconf 87' lang='lat' dir='ltr'>lrena</span> <span class='ocrx_word' id='word_1_78' title='bbox 496 1195 590 1256; x_wconf 83' lang='lat' dir='ltr'>virum</span> <span class='ocrx_word' id='word_1_79' title='bbox 611 1213 708 1272; x_wconf 92' lang='lat' dir='ltr'>neque</span> <span class='ocrx_word' id='word_1_80' title='bbox 728 1192 852 1254; x_wconf 84' lang='lat' dir='ltr'>verbera</span> <span class='ocrx_word' id='word_1_81' title='bbox 874 1208 968 1258; x_wconf 84' lang='lat' dir='ltr'>saeva,</span> 
     </span>
     <span class='ocr_line' id='line_1_12' title="bbox 67 1274 953 1357; baseline -0.005 -20"><span class='ocrx_word' id='word_1_82' title='bbox 67 1295 128 1338; x_wconf 93' lang='lat' dir='ltr'>non</span> <span class='ocrx_word' id='word_1_83' title='bbox 150 1276 262 1355; x_wconf 84' lang='lat' dir='ltr'>scopuli</span> <span class='ocrx_word' id='word_1_84' title='bbox 283 1296 430 1357; x_wconf 86' lang='lat' dir='ltr'>rupesque</span> <span class='ocrx_word' id='word_1_85' title='bbox 452 1296 538 1339; x_wconf 87' lang='lat' dir='ltr'>cavae</span> <span class='ocrx_word' id='word_1_86' title='bbox 559 1285 650 1356; x_wconf 89' lang='lat' dir='ltr'>atque</span> <span class='ocrx_word' id='word_1_87' title='bbox 668 1277 782 1337; x_wconf 88' lang='lat' dir='ltr'>obiecta</span> <span class='ocrx_word' id='word_1_88' title='bbox 803 1274 953 1335; x_wconf 89' lang='lat' dir='ltr'>retardant</span> 
     </span>
     <span class='ocr_line' id='line_1_13' title="bbox 66 1360 840 1440; baseline -0.004 -19"><span class='ocrx_word' id='word_1_89' title='bbox 66 1361 188 1421; x_wconf 90' lang='lat' dir='ltr'>ssumiua</span> <span class='ocrx_word' id='word_1_90' title='bbox 208 1367 417 1440; x_wconf 89' lang='lat' dir='ltr'>correptosque</span> <span class='ocrx_word' id='word_1_91' title='bbox 439 1361 516 1421; x_wconf 90' lang='lat' dir='ltr'>unda</span> <span class='ocrx_word' id='word_1_92' title='bbox 537 1361 703 1439; x_wconf 84' lang='lat' dir='ltr'>torquentia</span> <span class='ocrx_word' id='word_1_93' title='bbox 724 1360 840 1419; x_wconf 90' lang='lat' dir='ltr'>montis.</span> 
     </span>
     <span class='ocr_line' id='line_1_14' title="bbox 66 1443 871 1522; baseline -0.001 -19"><span class='ocrx_word' id='word_1_94' title='bbox 66 1443 177 1505; x_wconf 90' lang='lat' dir='ltr'>scilicet</span> <span class='ocrx_word' id='word_1_95' title='bbox 198 1452 264 1505; x_wconf 90' lang='lat' dir='ltr'>ante</span> <span class='ocrx_word' id='word_1_96' title='bbox 286 1445 381 1504; x_wconf 88' lang='lat' dir='ltr'>omnis</span> <span class='ocrx_word' id='word_1_97' title='bbox 403 1444 485 1504; x_wconf 89' lang='lat' dir='ltr'>luror</span> <span class='ocrx_word' id='word_1_98' title='bbox 508 1449 551 1504; x_wconf 88' lang='lat' dir='ltr'>est</span> <span class='ocrx_word' id='word_1_99' title='bbox 571 1444 692 1521; x_wconf 86' lang='lat' dir='ltr'>insignis</span> <span class='ocrx_word' id='word_1_100' title='bbox 714 1460 871 1522; x_wconf 89' lang='lat' dir='ltr'>equarum;</span> 
     </span>
     <span class='ocr_line' id='line_1_15' title="bbox 66 1524 918 1606; baseline -0.002 -18"><span class='ocrx_word' id='word_1_101' title='bbox 66 1534 95 1588; x_wconf 89' lang='lat' dir='ltr'>et</span> <span class='ocrx_word' id='word_1_102' title='bbox 116 1536 244 1589; x_wconf 89' lang='lat' dir='ltr'>mentem</span> <span class='ocrx_word' id='word_1_103' title='bbox 265 1528 363 1588; x_wconf 91' lang='lat' dir='ltr'>Venus</span> <span class='ocrx_word' id='word_1_104' title='bbox 384 1528 447 1606; x_wconf 89' lang='lat' dir='ltr'>ipsa</span> <span class='ocrx_word' id='word_1_105' title='bbox 468 1527 561 1596; x_wconf 84' lang='lat' dir='ltr'>dedit,</span> <span class='ocrx_word' id='word_1_106' title='bbox 584 1544 641 1605; x_wconf 91' lang='lat' dir='ltr'>quo</span> <span class='ocrx_word' id='word_1_107' title='bbox 663 1534 796 1604; x_wconf 91' lang='lat' dir='ltr'>tempore</span> <span class='ocrx_word' id='word_1_108' title='bbox 818 1524 918 1588; x_wconf 82' lang='lat' dir='ltr'>Glauci</span> 
     </span>
     <span class='ocr_line' id='line_1_16' title="bbox 65 1609 874 1688; baseline -0.002 -16"><span class='ocrx_word' id='word_1_109' title='bbox 65 1611 221 1673; x_wconf 84' lang='lat' dir='ltr'>Potniades</span> <span class='ocrx_word' id='word_1_110' title='bbox 242 1611 326 1672; x_wconf 90' lang='lat' dir='ltr'>malis</span> <span class='ocrx_word' id='word_1_111' title='bbox 347 1611 480 1672; x_wconf 88' lang='lat' dir='ltr'>membra</span> <span class='ocrx_word' id='word_1_112' title='bbox 502 1611 693 1688; x_wconf 87' lang='lat' dir='ltr'>absumpsere</span> <span class='ocrx_word' id='word_1_113' title='bbox 707 1609 874 1688; x_wconf 89' lang='lat' dir='ltr'>quadrigae.</span> 
     </span>
     <span class='ocr_line' id='line_1_17' title="bbox 69 1695 980 1772; baseline 0.001 -18"><span class='ocrx_word' id='word_1_114' title='bbox 69 1695 175 1772; x_wconf 71' lang='lat' dir='ltr'>*silias</span> <span class='ocrx_word' id='word_1_115' title='bbox 195 1695 277 1754; x_wconf 89' lang='lat' dir='ltr'>ducit</span> <span class='ocrx_word' id='word_1_116' title='bbox 299 1712 383 1754; x_wconf 93' lang='lat' dir='ltr'>amor</span> <span class='ocrx_word' id='word_1_117' title='bbox 404 1703 485 1755; x_wconf 89' lang='lat' dir='ltr'>trans</span> <span class='ocrx_word' id='word_1_118' title='bbox 509 1695 640 1770; x_wconf 86' lang='lat' dir='ltr'>Gargara</span> <span class='ocrx_word' id='word_1_119' title='bbox 663 1703 804 1772; x_wconf 88' lang='lat' dir='ltr'>transque</span> <span class='ocrx_word' id='word_1_120' title='bbox 826 1704 980 1755; x_wconf 90' lang='lat' dir='ltr'>sonantem</span> 
     </span>
     <span class='ocr_line' id='line_1_18' title="bbox 51 1775 897 1857; baseline -0.001 -18"><span class='ocrx_word' id='word_1_121' title='bbox 51 1779 241 1845; x_wconf 77' lang='lat' dir='ltr'>&#39;Ascanium;</span> <span class='ocrx_word' id='word_1_122' title='bbox 265 1787 409 1857; x_wconf 85' lang='lat' dir='ltr'>superant</span> <span class='ocrx_word' id='word_1_123' title='bbox 429 1780 538 1839; x_wconf 87' lang='lat' dir='ltr'>montis</span> <span class='ocrx_word' id='word_1_124' title='bbox 561 1785 590 1838; x_wconf 86' lang='lat' dir='ltr'>et</span> <span class='ocrx_word' id='word_1_125' title='bbox 611 1775 732 1839; x_wconf 90' lang='lat' dir='ltr'>llumina</span> <span class='ocrx_word' id='word_1_126' title='bbox 752 1776 897 1857; x_wconf 81' lang='lat' dir='ltr'>tranant]</span> 
     </span>
     <span class='ocr_line' id='line_1_19' title="bbox 68 1859 880 1940; baseline -0.005 -18"><span class='ocrx_word' id='word_1_127' title='bbox 68 1863 265 1940; x_wconf 87' lang='lat' dir='ltr'>continuoque</span> <span class='ocrx_word' id='word_1_128' title='bbox 286 1864 376 1923; x_wconf 80' lang='lat' dir='ltr'>aridis</span> <span class='ocrx_word' id='word_1_129' title='bbox 397 1863 448 1924; x_wconf 93' lang='lat' dir='ltr'>ubi</span> <span class='ocrx_word' id='word_1_130' title='bbox 469 1862 585 1923; x_wconf 91' lang='lat' dir='ltr'>subdita</span> <span class='ocrx_word' id='word_1_131' title='bbox 606 1861 723 1922; x_wconf 89' lang='lat' dir='ltr'>llamma</span> <span class='ocrx_word' id='word_1_132' title='bbox 744 1859 880 1922; x_wconf 89' lang='lat' dir='ltr'>medullis</span> 
     </span>
     <span class='ocr_line' id='line_1_20' title="bbox 21 1942 905 2025; baseline -0.002 -20"><span class='ocrx_word' id='word_1_133' title='bbox 21 1994 29 1999; x_wconf 88' lang='lat'>.</span> <span class='ocrx_word' id='word_1_134' title='bbox 68 1944 147 2024; x_wconf 85' lang='lat' dir='ltr'>(vere</span> <span class='ocrx_word' id='word_1_135' title='bbox 168 1947 274 2024; x_wconf 91' lang='lat' dir='ltr'>magis,</span> <span class='ocrx_word' id='word_1_136' title='bbox 298 1947 365 2025; x_wconf 92' lang='lat' dir='ltr'>quia</span> <span class='ocrx_word' id='word_1_137' title='bbox 386 1965 455 2007; x_wconf 90' lang='lat' dir='ltr'>vere</span> <span class='ocrx_word' id='word_1_138' title='bbox 477 1945 557 2007; x_wconf 90' lang='lat' dir='ltr'>calor</span> <span class='ocrx_word' id='word_1_139' title='bbox 578 1945 655 2005; x_wconf 87' lang='lat' dir='ltr'>redit</span> <span class='ocrx_word' id='word_1_140' title='bbox 676 1943 816 2022; x_wconf 75' lang='lat' dir='ltr'>ossibusl:</span> <span class='ocrx_word' id='word_1_141' title='bbox 838 1942 905 2004; x_wconf 89' lang='lat' dir='ltr'>illae</span> 
     </span>
     <span class='ocr_line' id='line_1_21' title="bbox 68 2025 928 2108; baseline -0.005 -21"><span class='ocrx_word' id='word_1_142' title='bbox 68 2045 120 2088; x_wconf 87' lang='lat' dir='ltr'>ore</span> <span class='ocrx_word' id='word_1_143' title='bbox 144 2046 244 2090; x_wconf 89' lang='lat' dir='ltr'>omues</span> <span class='ocrx_word' id='word_1_144' title='bbox 266 2047 368 2090; x_wconf 83' lang='lat' dir='ltr'>versae</span> <span class='ocrx_word' id='word_1_145' title='bbox 388 2030 419 2088; x_wconf 94' lang='lat' dir='ltr'>iu</span> <span class='ocrx_word' id='word_1_146' title='bbox 440 2029 601 2108; x_wconf 82' lang='lat' dir='ltr'>zephyrum</span> <span class='ocrx_word' id='word_1_147' title='bbox 622 2035 699 2086; x_wconf 90' lang='lat' dir='ltr'>stant</span> <span class='ocrx_word' id='word_1_148' title='bbox 720 2027 843 2103; x_wconf 90' lang='lat' dir='ltr'>rupibus</span> <span class='ocrx_word' id='word_1_149' title='bbox 865 2025 928 2084; x_wconf 91' lang='lat' dir='ltr'>altis</span> 
     </span>
     <span class='ocr_line' id='line_1_22' title="bbox 68 2107 825 2191; baseline -0.007 -20"><span class='ocrx_word' id='word_1_150' title='bbox 68 2118 280 2191; x_wconf 87' lang='lat' dir='ltr'>exceptantque</span> <span class='ocrx_word' id='word_1_151' title='bbox 302 2113 372 2172; x_wconf 84' lang='lat' dir='ltr'>loris</span> <span class='ocrx_word' id='word_1_152' title='bbox 394 2129 495 2182; x_wconf 87' lang='lat' dir='ltr'>auras,</span> <span class='ocrx_word' id='word_1_153' title='bbox 518 2118 548 2171; x_wconf 90' lang='lat' dir='ltr'>et</span> <span class='ocrx_word' id='word_1_154' title='bbox 568 2126 655 2185; x_wconf 87' lang='lat' dir='ltr'>saepe</span> <span class='ocrx_word' id='word_1_155' title='bbox 676 2111 738 2168; x_wconf 92' lang='lat' dir='ltr'>sine</span> <span class='ocrx_word' id='word_1_156' title='bbox 759 2107 825 2167; x_wconf 92' lang='lat' dir='ltr'>ullis</span> 
     </span>
     <span class='ocr_line' id='line_1_23' title="bbox 70 2190 749 2272; baseline -0.006 -19"><span class='ocrx_word' id='word_1_157' title='bbox 70 2194 212 2271; x_wconf 86' lang='lat' dir='ltr'>coniugiis</span> <span class='ocrx_word' id='word_1_158' title='bbox 232 2201 319 2255; x_wconf 88' lang='lat' dir='ltr'>rento</span> <span class='ocrx_word' id='word_1_159' title='bbox 341 2194 475 2272; x_wconf 84' lang='lat' dir='ltr'>gravidae</span> <span class='ocrx_word' id='word_1_160' title='bbox 497 2191 640 2271; x_wconf 86' lang='lat' dir='ltr'>(mirabile</span> <span class='ocrx_word' id='word_1_161' title='bbox 661 2190 749 2270; x_wconf 86' lang='lat' dir='ltr'>dictu)</span> 
     </span>
     <span class='ocr_line' id='line_1_24' title="bbox 69 2271 806 2353; baseline -0.004 -17"><span class='ocrx_word' id='word_1_162' title='bbox 69 2295 139 2337; x_wconf 83' lang='lat' dir='ltr'>saxa</span> <span class='ocrx_word' id='word_1_163' title='bbox 161 2294 216 2353; x_wconf 87' lang='lat' dir='ltr'>per</span> <span class='ocrx_word' id='word_1_164' title='bbox 238 2283 267 2337; x_wconf 93' lang='lat' dir='ltr'>et</span> <span class='ocrx_word' id='word_1_165' title='bbox 288 2274 423 2353; x_wconf 90' lang='lat' dir='ltr'>scopulos</span> <span class='ocrx_word' id='word_1_166' title='bbox 445 2281 474 2335; x_wconf 89' lang='lat' dir='ltr'>et</span> <span class='ocrx_word' id='word_1_167' title='bbox 495 2275 648 2351; x_wconf 89' lang='lat' dir='ltr'>depressas</span> <span class='ocrx_word' id='word_1_168' title='bbox 669 2271 806 2334; x_wconf 87' lang='lat' dir='ltr'>conralbs</span> 
     </span>
     <span class='ocr_line' id='line_1_25' title="bbox 70 2355 932 2435; baseline -0.007 -14"><span class='ocrx_word' id='word_1_169' title='bbox 70 2360 240 2435; x_wconf 78' lang='lat' dir='ltr'>diffugiunt,</span> <span class='ocrx_word' id='word_1_170' title='bbox 265 2377 340 2429; x_wconf 91' lang='lat' dir='ltr'>non,</span> <span class='ocrx_word' id='word_1_171' title='bbox 364 2377 448 2428; x_wconf 88' lang='lat' dir='ltr'>eure,</span> <span class='ocrx_word' id='word_1_172' title='bbox 470 2365 553 2428; x_wconf 90' lang='lat' dir='ltr'>tuos,</span> <span class='ocrx_word' id='word_1_173' title='bbox 576 2374 671 2435; x_wconf 89' lang='lat' dir='ltr'>neque</span> <span class='ocrx_word' id='word_1_174' title='bbox 693 2355 762 2416; x_wconf 91' lang='lat' dir='ltr'>solis</span> <span class='ocrx_word' id='word_1_175' title='bbox 784 2356 932 2426; x_wconf 73' lang='lat' dir='ltr'>adortus</span> 
     </span>
     <span class='ocr_line' id='line_1_26' title="bbox 70 2441 938 2521; baseline -0.003 -18"><span class='ocrx_word' id='word_1_176' title='bbox 70 2446 100 2503; x_wconf 93' lang='lat' dir='ltr'>in</span> <span class='ocrx_word' id='word_1_177' title='bbox 122 2441 235 2501; x_wconf 90' lang='lat' dir='ltr'>borean</span> <span class='ocrx_word' id='word_1_178' title='bbox 257 2460 451 2521; x_wconf 88' lang='lat' dir='ltr'>caurumque,</span> <span class='ocrx_word' id='word_1_179' title='bbox 474 2448 524 2502; x_wconf 93' lang='lat' dir='ltr'>aut</span> <span class='ocrx_word' id='word_1_180' title='bbox 545 2441 623 2502; x_wconf 92' lang='lat' dir='ltr'>unde</span> <span class='ocrx_word' id='word_1_181' title='bbox 644 2441 819 2518; x_wconf 78' lang='lat' dir='ltr'>nigerrimus</span> <span class='ocrx_word' id='word_1_182' title='bbox 840 2448 938 2502; x_wconf 90' lang='lat' dir='ltr'>auster</span> 
     </span>
     <span class='ocr_line' id='line_1_27' title="bbox 68 2523 892 2603; baseline -0.002 -17"><span class='ocrx_word' id='word_1_183' title='bbox 68 2526 200 2586; x_wconf 88' lang='lat' dir='ltr'>nascitur</span> <span class='ocrx_word' id='word_1_184' title='bbox 221 2532 250 2586; x_wconf 91' lang='lat' dir='ltr'>et</span> <span class='ocrx_word' id='word_1_185' title='bbox 269 2525 367 2603; x_wconf 90' lang='lat' dir='ltr'>pluvio</span> <span class='ocrx_word' id='word_1_186' title='bbox 390 2526 540 2586; x_wconf 90' lang='lat' dir='ltr'>contristat</span> <span class='ocrx_word' id='word_1_187' title='bbox 561 2525 672 2603; x_wconf 85' lang='lat' dir='ltr'>frigore</span> <span class='ocrx_word' id='word_1_188' title='bbox 693 2523 814 2585; x_wconf 90' lang='lat' dir='ltr'>caelum.</span> <span class='ocrx_word' id='word_1_189' title='bbox 888 2532 892 2541; x_wconf 95' lang='lat'>&#39;</span> 
     </span>
     <span class='ocr_line' id='line_1_28' title="bbox 68 2606 937 2689; baseline -0.002 -20"><span class='ocrx_word' id='word_1_190' title='bbox 68 2610 117 2669; x_wconf 93' lang='lat' dir='ltr'>hic</span> <span class='ocrx_word' id='word_1_191' title='bbox 140 2610 272 2678; x_wconf 89' lang='lat' dir='ltr'>demum,</span> <span class='ocrx_word' id='word_1_192' title='bbox 295 2609 486 2689; x_wconf 90' lang='lat' dir='ltr'>hippomanes</span> <span class='ocrx_word' id='word_1_193' title='bbox 506 2627 577 2671; x_wconf 85' lang='lat' dir='ltr'>vero</span> <span class='ocrx_word' id='word_1_194' title='bbox 598 2608 676 2687; x_wconf 92' lang='lat' dir='ltr'>quod</span> <span class='ocrx_word' id='word_1_195' title='bbox 698 2608 815 2668; x_wconf 90' lang='lat' dir='ltr'>nomine</span> <span class='ocrx_word' id='word_1_196' title='bbox 838 2606 937 2668; x_wconf 89' lang='lat' dir='ltr'>dicunt</span> 
     </span>
     <span class='ocr_line' id='line_1_29' title="bbox 69 2692 804 2770; baseline -0.004 -16"><span class='ocrx_word' id='word_1_197' title='bbox 69 2700 216 2770; x_wconf 90' lang='lat' dir='ltr'>pastores,</span> <span class='ocrx_word' id='word_1_198' title='bbox 238 2692 350 2754; x_wconf 91' lang='lat' dir='ltr'>lentum</span> <span class='ocrx_word' id='word_1_199' title='bbox 371 2693 495 2755; x_wconf 92' lang='lat' dir='ltr'>destillat</span> <span class='ocrx_word' id='word_1_200' title='bbox 516 2694 553 2754; x_wconf 91' lang='lat' dir='ltr'>ab</span> <span class='ocrx_word' id='word_1_201' title='bbox 575 2694 695 2770; x_wconf 89' lang='lat' dir='ltr'>inguine</span> <span class='ocrx_word' id='word_1_202' title='bbox 715 2693 804 2762; x_wconf 84' lang='lat' dir='ltr'>virus,</span> 
     </span>
     <span class='ocr_line' id='line_1_30' title="bbox 69 2775 883 2856; baseline -0.001 -20"><span class='ocrx_word' id='word_1_203' title='bbox 69 2778 274 2856; x_wconf 88' lang='lat' dir='ltr'>hippomanes,</span> <span class='ocrx_word' id='word_1_204' title='bbox 297 2777 375 2855; x_wconf 91' lang='lat' dir='ltr'>quod</span> <span class='ocrx_word' id='word_1_205' title='bbox 397 2795 484 2856; x_wconf 91' lang='lat' dir='ltr'>saepe</span> <span class='ocrx_word' id='word_1_206' title='bbox 505 2775 599 2838; x_wconf 91' lang='lat' dir='ltr'>malae</span> <span class='ocrx_word' id='word_1_207' title='bbox 619 2776 719 2854; x_wconf 87' lang='lat' dir='ltr'>legere</span> <span class='ocrx_word' id='word_1_208' title='bbox 733 2777 883 2836; x_wconf 85' lang='lat' dir='ltr'>novercae</span> 
     </span>
     <span class='ocr_line' id='line_1_31' title="bbox 70 2858 824 2938; baseline -0.004 -17"><span class='ocrx_word' id='word_1_209' title='bbox 70 2862 307 2938; x_wconf 89' lang='lat' dir='ltr'>miscueruntque</span> <span class='ocrx_word' id='word_1_210' title='bbox 328 2860 435 2922; x_wconf 89' lang='lat' dir='ltr'>herbas</span> <span class='ocrx_word' id='word_1_211' title='bbox 457 2869 486 2921; x_wconf 92' lang='lat' dir='ltr'>et</span> <span class='ocrx_word' id='word_1_212' title='bbox 506 2879 566 2920; x_wconf 93' lang='lat' dir='ltr'>non</span> <span class='ocrx_word' id='word_1_213' title='bbox 588 2861 704 2921; x_wconf 82' lang='lat' dir='ltr'>innoxia</span> <span class='ocrx_word' id='word_1_214' title='bbox 726 2858 824 2919; x_wconf 83' lang='lat' dir='ltr'>verba.</span> 
     </span>
    </p>

    <p class='ocr_par' dir='ltr' id='par_1_3' title="bbox 69 2942 864 3272">
     <span class='ocr_line' id='line_1_32' title="bbox 113 2942 864 3022; baseline -0.004 -18"><span class='ocrx_word' id='word_1_215' title='bbox 113 2944 173 3004; x_wconf 91' lang='lat' dir='ltr'>Sed</span> <span class='ocrx_word' id='word_1_216' title='bbox 187 2944 260 3020; x_wconf 82' lang='lat' dir='ltr'>fugit</span> <span class='ocrx_word' id='word_1_217' title='bbox 280 2944 407 3014; x_wconf 90' lang='lat' dir='ltr'>interea,</span> <span class='ocrx_word' id='word_1_218' title='bbox 429 2944 504 3022; x_wconf 84' lang='lat' dir='ltr'>fugit</span> <span class='ocrx_word' id='word_1_219' title='bbox 523 2942 718 3020; x_wconf 88' lang='lat' dir='ltr'>inreparabile</span> <span class='ocrx_word' id='word_1_220' title='bbox 739 2948 864 3019; x_wconf 90' lang='lat' dir='ltr'>tempus,</span> 
     </span>
     <span class='ocr_line' id='line_1_33' title="bbox 69 3026 788 3104; baseline -0.004 -17"><span class='ocrx_word' id='word_1_221' title='bbox 69 3026 185 3104; x_wconf 87' lang='lat' dir='ltr'>singula</span> <span class='ocrx_word' id='word_1_222' title='bbox 207 3027 277 3087; x_wconf 95' lang='lat' dir='ltr'>dum</span> <span class='ocrx_word' id='word_1_223' title='bbox 299 3027 376 3104; x_wconf 90' lang='lat' dir='ltr'>capti</span> <span class='ocrx_word' id='word_1_224' title='bbox 398 3028 658 3088; x_wconf 83' lang='lat' dir='ltr'>circumvectamur</span> <span class='ocrx_word' id='word_1_225' title='bbox 679 3042 788 3086; x_wconf 94' lang='lat' dir='ltr'>amore.</span> 
     </span>
     <span class='ocr_line' id='line_1_34' title="bbox 70 3107 855 3188; baseline -0.005 -16"><span class='ocrx_word' id='word_1_226' title='bbox 70 3112 129 3172; x_wconf 93' lang='lat' dir='ltr'>hoc</span> <span class='ocrx_word' id='word_1_227' title='bbox 150 3111 220 3170; x_wconf 91' lang='lat' dir='ltr'>satis</span> <span class='ocrx_word' id='word_1_228' title='bbox 240 3111 396 3171; x_wconf 88' lang='lat' dir='ltr'>armentis:</span> <span class='ocrx_word' id='word_1_229' title='bbox 417 3117 536 3188; x_wconf 87' lang='lat' dir='ltr'>superat</span> <span class='ocrx_word' id='word_1_230' title='bbox 556 3127 625 3187; x_wconf 89' lang='lat' dir='ltr'>pars</span> <span class='ocrx_word' id='word_1_231' title='bbox 646 3107 737 3170; x_wconf 87' lang='lat' dir='ltr'>altera</span> <span class='ocrx_word' id='word_1_232' title='bbox 759 3125 855 3177; x_wconf 88' lang='lat' dir='ltr'>curae,</span> 
     </span>
     <span class='ocr_line' id='line_1_35' title="bbox 71 3189 801 3272; baseline -0.004 -18"><span class='ocrx_word' id='word_1_233' title='bbox 71 3193 218 3270; x_wconf 85' lang='lat' dir='ltr'>lanigeros</span> <span class='ocrx_word' id='word_1_234' title='bbox 239 3194 350 3271; x_wconf 87' lang='lat' dir='ltr'>agitare</span> <span class='ocrx_word' id='word_1_235' title='bbox 371 3211 475 3272; x_wconf 79' lang='lat' dir='ltr'>greges</span> <span class='ocrx_word' id='word_1_236' title='bbox 497 3194 645 3272; x_wconf 85' lang='lat' dir='ltr'>hirtasque</span> <span class='ocrx_word' id='word_1_237' title='bbox 667 3189 801 3269; x_wconf 89' lang='lat' dir='ltr'>capellas.</span> 
     </span>
    </p>
   </div>
   <div class='ocr_carea' id='block_1_3' title="bbox 70 3273 945 3606">
    <p class='ocr_par' dir='ltr' id='par_1_4' title="bbox 70 3273 860 3357">
     <span class='ocr_line' id='line_1_36' title="bbox 70 3273 860 3357; baseline -0.003 -18"><span class='ocrx_word' id='word_1_238' title='bbox 70 3280 133 3357; x_wconf 91' lang='lat' dir='ltr'>[hie</span> <span class='ocrx_word' id='word_1_239' title='bbox 148 3277 240 3346; x_wconf 90' lang='lat' dir='ltr'>labor,</span> <span class='ocrx_word' id='word_1_240' title='bbox 264 3276 333 3337; x_wconf 89' lang='lat' dir='ltr'>binc</span> <span class='ocrx_word' id='word_1_241' title='bbox 353 3277 469 3339; x_wconf 87' lang='lat' dir='ltr'>laudem</span> <span class='ocrx_word' id='word_1_242' title='bbox 490 3278 581 3338; x_wconf 86' lang='lat' dir='ltr'>fortes</span> <span class='ocrx_word' id='word_1_243' title='bbox 602 3282 718 3355; x_wconf 89' lang='lat' dir='ltr'>sperate</span> <span class='ocrx_word' id='word_1_244' title='bbox 740 3273 860 3355; x_wconf 77' lang='lat' dir='ltr'>coloni]</span> 
     </span>
    </p>

    <p class='ocr_par' dir='ltr' id='par_1_5' title="bbox 70 3360 945 3606">
     <span class='ocr_line' id='line_1_37' title="bbox 72 3360 945 3436; baseline -0.002 -16"><span class='ocrx_word' id='word_1_245' title='bbox 72 3378 129 3421; x_wconf 94' lang='lat' dir='ltr'>nec</span> <span class='ocrx_word' id='word_1_246' title='bbox 150 3377 215 3420; x_wconf 92' lang='lat' dir='ltr'>sum</span> <span class='ocrx_word' id='word_1_247' title='bbox 236 3361 325 3420; x_wconf 90' lang='lat' dir='ltr'>animi</span> <span class='ocrx_word' id='word_1_248' title='bbox 347 3360 466 3431; x_wconf 90' lang='lat' dir='ltr'>dubius,</span> <span class='ocrx_word' id='word_1_249' title='bbox 494 3360 591 3423; x_wconf 85' lang='lat' dir='ltr'>verbis</span> <span class='ocrx_word' id='word_1_250' title='bbox 614 3379 647 3421; x_wconf 91' lang='lat' dir='ltr'>ea</span> <span class='ocrx_word' id='word_1_251' title='bbox 668 3360 786 3420; x_wconf 83' lang='lat' dir='ltr'>vincere</span> <span class='ocrx_word' id='word_1_252' title='bbox 806 3375 945 3436; x_wconf 86' lang='lat' dir='ltr'>magnum</span> 
     </span>
     <span class='ocr_line' id='line_1_38' title="bbox 70 3442 935 3523; baseline -0.002 -19"><span class='ocrx_word' id='word_1_253' title='bbox 70 3459 162 3522; x_wconf 90' lang='lat' dir='ltr'>quam</span> <span class='ocrx_word' id='word_1_254' title='bbox 184 3443 221 3502; x_wconf 92' lang='lat' dir='ltr'>sit</span> <span class='ocrx_word' id='word_1_255' title='bbox 242 3450 270 3503; x_wconf 91' lang='lat' dir='ltr'>et</span> <span class='ocrx_word' id='word_1_256' title='bbox 291 3447 419 3523; x_wconf 89' lang='lat' dir='ltr'>angustis</span> <span class='ocrx_word' id='word_1_257' title='bbox 439 3445 519 3506; x_wconf 91' lang='lat' dir='ltr'>hunc</span> <span class='ocrx_word' id='word_1_258' title='bbox 540 3444 648 3506; x_wconf 87' lang='lat' dir='ltr'>addere</span> <span class='ocrx_word' id='word_1_259' title='bbox 668 3443 757 3505; x_wconf 88' lang='lat' dir='ltr'>rebus</span> <span class='ocrx_word' id='word_1_260' title='bbox 778 3442 935 3509; x_wconf 90' lang='lat' dir='ltr'>honorem;</span> 
     </span>
     <span class='ocr_line' id='line_1_39' title="bbox 71 3525 765 3606; baseline -0.003 -20"><span class='ocrx_word' id='word_1_261' title='bbox 71 3525 127 3588; x_wconf 82' lang='lat' dir='ltr'>sed</span> <span class='ocrx_word' id='word_1_262' title='bbox 140 3543 188 3586; x_wconf 92' lang='lat' dir='ltr'>me</span> <span class='ocrx_word' id='word_1_263' title='bbox 208 3526 329 3588; x_wconf 89' lang='lat' dir='ltr'>Parnasi</span> <span class='ocrx_word' id='word_1_264' title='bbox 350 3528 464 3589; x_wconf 89' lang='lat' dir='ltr'>deserta</span> <span class='ocrx_word' id='word_1_265' title='bbox 485 3546 538 3606; x_wconf 90' lang='lat' dir='ltr'>per</span> <span class='ocrx_word' id='word_1_266' title='bbox 561 3527 651 3589; x_wconf 92' lang='lat' dir='ltr'>ardua</span> <span class='ocrx_word' id='word_1_267' title='bbox 674 3525 765 3587; x_wconf 90' lang='lat' dir='ltr'>dulcis</span> 
     </span>
    </p>
   </div>
   <div class='ocr_carea' id='block_1_4' title="bbox 0 0 1260 4094">
    <p class='ocr_par' dir='ltr' id='par_1_6' title="bbox 0 0 1260 4094">
     <span class='ocr_line' id='line_1_40' title="bbox 0 0 1260 4094; baseline 0 0"><span class='ocrx_word' id='word_1_268' title='bbox 0 0 1260 4094; x_wconf 95' lang='lat' dir='ltr'> </span> 
     </span>
    </p>
   </div>
  </div>
 </body>
</html>
