<?xml version="1.0" encoding="UTF-8"?>
<!DOCTYPE html PUBLIC "-//W3C//DTD XHTML 1.0 Transitional//EN"
    "http://www.w3.org/TR/xhtml1/DTD/xhtml1-transitional.dtd">
<html xmlns="http://www.w3.org/1999/xhtml" xml:lang="en" lang="en">
 <head>
  <title>
</title>
<meta http-equiv="Content-Type" content="text/html;charset=utf-8" />
  <meta name='ocr-system' content='tesseract 3.04.00' />
  <meta name='ocr-capabilities' content='ocr_page ocr_carea ocr_par ocr_line ocrx_word'/>
</head>
<body>
  <div class='ocr_page' id='page_1' title='image "./pvergilimaronis12virggoog/pvergilimaronis12virggoog_0386.png"; bbox 0 0 2512 4096; ppageno 0'>
   <div class='ocr_carea' id='block_1_1' title="bbox 449 251 802 305">
    <p class='ocr_par' dir='ltr' id='par_1_1' title="bbox 449 251 802 305">
     <span class='ocr_line' id='line_1_1' title="bbox 449 251 802 305; baseline -0.014 0"><span class='ocrx_word' id='word_1_1' title='bbox 449 254 594 305; x_wconf 73' lang='lat' dir='ltr'><strong>virttem</strong></span> <span class='ocrx_word' id='word_1_2' title='bbox 608 253 735 303; x_wconf 67' lang='lat' dir='ltr'><strong>tennis</strong></span> <span class='ocrx_word' id='word_1_3' title='bbox 751 251 802 300; x_wconf 78' lang='grc' dir='ltr'><strong>ΧΠ</strong></span> 
     </span>
    </p>
   </div>
   <div class='ocr_carea' id='block_1_2' title="bbox 120 408 1212 3569">
    <p class='ocr_par' dir='ltr' id='par_1_2' title="bbox 121 408 911 492">
     <span class='ocr_line' id='line_1_2' title="bbox 121 408 911 492; baseline -0.015 -15"><span class='ocrx_word' id='word_1_4' title='bbox 121 419 205 476; x_wconf 82' lang='lat' dir='ltr'><strong>limes</strong></span> <span class='ocrx_word' id='word_1_5' title='bbox 225 430 297 490; x_wconf 85' lang='lat' dir='ltr'><strong>agro</strong></span> <span class='ocrx_word' id='word_1_6' title='bbox 318 414 441 492; x_wconf 79' lang='lat' dir='ltr'><strong>positus,</strong></span> <span class='ocrx_word' id='word_1_7' title='bbox 463 409 544 472; x_wconf 91' lang='lat' dir='ltr'><strong>litem</strong></span> <span class='ocrx_word' id='word_1_8' title='bbox 567 418 606 486; x_wconf 78' lang='lat' dir='ltr'><strong>ut¹</strong></span> <span class='ocrx_word' id='word_1_9' title='bbox 621 408 804 469; x_wconf 79' lang='lat' dir='ltr'><strong>discerneret</strong></span> <span class='ocrx_word' id='word_1_10' title='bbox 825 409 911 467; x_wconf 86' lang='lat' dir='ltr'><strong>arvis.</strong></span> 
     </span>
    </p>

    <p class='ocr_par' dir='ltr' id='par_1_3' title="bbox 123 490 791 577">
     <span class='ocr_line' id='line_1_3' title="bbox 123 490 791 577; baseline -0.015 -18"><span class='ocrx_word' id='word_1_11' title='bbox 123 501 168 559; x_wconf 79' lang='lat' dir='ltr'><strong>vix</strong></span> <span class='ocrx_word' id='word_1_12' title='bbox 190 497 261 558; x_wconf 90' lang='lat' dir='ltr'><strong>illud</strong></span> <span class='ocrx_word' id='word_1_13' title='bbox 280 495 348 558; x_wconf 92' lang='lat' dir='ltr'><strong>lecti</strong></span> <span class='ocrx_word' id='word_1_14' title='bbox 369 496 415 558; x_wconf 89' lang='lat' dir='ltr'><strong>bis</strong></span> <span class='ocrx_word' id='word_1_15' title='bbox 438 513 490 556; x_wconf 86' lang='lat' dir='ltr'><strong>sex</strong></span> <span class='ocrx_word' id='word_1_16' title='bbox 512 495 626 577; x_wconf 78' lang='lat' dir='ltr'><strong>cervice</strong></span> <span class='ocrx_word' id='word_1_17' title='bbox 648 490 791 560; x_wconf 91' lang='lat' dir='ltr'><strong>subirent,</strong></span> 
     </span>
    </p>

    <p class='ocr_par' dir='ltr' id='par_1_4' title="bbox 121 572 918 661">
     <span class='ocr_line' id='line_1_4' title="bbox 121 572 918 661; baseline -0.011 -19"><span class='ocrx_word' id='word_1_18' title='bbox 121 581 218 661; x_wconf 88' lang='lat' dir='ltr'><strong>qualia</strong></span> <span class='ocrx_word' id='word_1_19' title='bbox 240 598 318 640; x_wconf 89' lang='lat' dir='ltr'><strong>nunc</strong></span> <span class='ocrx_word' id='word_1_20' title='bbox 336 580 489 640; x_wconf 90' lang='lat' dir='ltr'><strong>hominum</strong></span> <span class='ocrx_word' id='word_1_21' title='bbox 507 577 644 657; x_wconf 83' lang='lat' dir='ltr'><strong>producit</strong></span> <span class='ocrx_word' id='word_1_22' title='bbox 667 592 792 654; x_wconf 89' lang='lat' dir='ltr'><strong>corpora</strong></span> <span class='ocrx_word' id='word_1_23' title='bbox 817 572 918 634; x_wconf 88' lang='lat' dir='ltr'><strong>tellus:</strong></span> 
     </span>
    </p>

    <p class='ocr_par' dir='ltr' id='par_1_5' title="bbox 120 657 913 743">
     <span class='ocr_line' id='line_1_5' title="bbox 120 657 913 743; baseline -0.011 -17"><span class='ocrx_word' id='word_1_24' title='bbox 120 665 169 726; x_wconf 86' lang='lat' dir='ltr'><strong>ille</strong></span> <span class='ocrx_word' id='word_1_25' title='bbox 190 682 279 724; x_wconf 90' lang='lat' dir='ltr'><strong>manu</strong></span> <span class='ocrx_word' id='word_1_26' title='bbox 298 671 417 743; x_wconf 91' lang='lat' dir='ltr'><strong>raptum</strong></span> <span class='ocrx_word' id='word_1_27' title='bbox 434 661 549 741; x_wconf 91' lang='lat' dir='ltr'><strong>trepida</strong></span> <span class='ocrx_word' id='word_1_28' title='bbox 571 658 728 739; x_wconf 89' lang='lat' dir='ltr'><strong>torquebat</strong></span> <span class='ocrx_word' id='word_1_29' title='bbox 746 659 776 717; x_wconf 91' lang='lat' dir='ltr'><strong>in</strong></span> <span class='ocrx_word' id='word_1_30' title='bbox 797 657 913 718; x_wconf 84' lang='lat' dir='ltr'><strong>hostem</strong></span> 
     </span>
    </p>

    <p class='ocr_par' dir='ltr' id='par_1_6' title="bbox 121 741 818 826">
     <span class='ocr_line' id='line_1_6' title="bbox 121 741 818 826; baseline -0.011 -18"><span class='ocrx_word' id='word_1_31' title='bbox 121 748 208 809; x_wconf 90' lang='lat' dir='ltr'><strong>altior</strong></span> <span class='ocrx_word' id='word_1_32' title='bbox 226 749 384 826; x_wconf 85' lang='lat' dir='ltr'><strong>insurgens</strong></span> <span class='ocrx_word' id='word_1_33' title='bbox 406 755 435 807; x_wconf 92' lang='lat' dir='ltr'><strong>et</strong></span> <span class='ocrx_word' id='word_1_34' title='bbox 456 763 545 807; x_wconf 87' lang='lat' dir='ltr'><strong>cursu</strong></span> <span class='ocrx_word' id='word_1_35' title='bbox 567 745 699 804; x_wconf 91' lang='lat' dir='ltr'><strong>concitus</strong></span> <span class='ocrx_word' id='word_1_36' title='bbox 720 741 818 802; x_wconf 84' lang='lat' dir='ltr'><strong>heros.</strong></span> 
     </span>
    </p>

    <p class='ocr_par' dir='ltr' id='par_1_7' title="bbox 121 825 933 976">
     <span class='ocr_line' id='line_1_7' title="bbox 121 825 922 910; baseline -0.012 -18"><span class='ocrx_word' id='word_1_37' title='bbox 121 831 174 892; x_wconf 91' lang='lat' dir='ltr'><strong>sed</strong></span> <span class='ocrx_word' id='word_1_38' title='bbox 193 848 290 910; x_wconf 92' lang='lat' dir='ltr'><strong>neque</strong></span> <span class='ocrx_word' id='word_1_39' title='bbox 311 836 479 891; x_wconf 89' lang='lat' dir='ltr'><strong>currentem</strong></span> <span class='ocrx_word' id='word_1_40' title='bbox 501 846 608 890; x_wconf 87' lang='lat' dir='ltr'><strong>senec</strong></span> <span class='ocrx_word' id='word_1_41' title='bbox 630 825 781 903; x_wconf 83' lang='lat' dir='ltr'><strong>cognoscit</strong></span> <span class='ocrx_word' id='word_1_42' title='bbox 804 831 922 886; x_wconf 90' lang='lat' dir='ltr'><strong>euntem</strong></span> 
     </span>
     <span class='ocr_line' id='line_1_8' title="bbox 121 912 933 976; baseline -0.01 -1"><span class='ocrx_word' id='word_1_43' title='bbox 121 914 309 976; x_wconf 85' lang='lat' dir='ltr'><strong>tollentemve</strong></span> <span class='ocrx_word' id='word_1_44' title='bbox 326 931 431 974; x_wconf 90' lang='lat' dir='ltr'><strong>manus</strong></span> <span class='ocrx_word' id='word_1_45' title='bbox 452 930 591 973; x_wconf 86' lang='lat' dir='ltr'><strong>saxumve</strong></span> <span class='ocrx_word' id='word_1_46' title='bbox 607 912 736 972; x_wconf 90' lang='lat' dir='ltr'><strong>immane</strong></span> <span class='ocrx_word' id='word_1_47' title='bbox 753 913 933 976; x_wconf 73' lang='lat' dir='ltr'><strong>moventem:</strong></span> 
     </span>
    </p>

    <p class='ocr_par' dir='ltr' id='par_1_8' title="bbox 121 992 930 1077">
     <span class='ocr_line' id='line_1_9' title="bbox 121 992 930 1077; baseline -0.012 -17"><span class='ocrx_word' id='word_1_48' title='bbox 121 1016 218 1077; x_wconf 89' lang='lat' dir='ltr'><strong>genua</strong></span> <span class='ocrx_word' id='word_1_49' title='bbox 238 996 347 1067; x_wconf 88' lang='lat' dir='ltr'><strong>labant,</strong></span> <span class='ocrx_word' id='word_1_50' title='bbox 370 996 481 1074; x_wconf 87' lang='lat' dir='ltr'><strong>gelidus</strong></span> <span class='ocrx_word' id='word_1_51' title='bbox 503 994 652 1057; x_wconf 87' lang='lat' dir='ltr'><strong>concrevit</strong></span> <span class='ocrx_word' id='word_1_52' title='bbox 673 993 784 1070; x_wconf 81' lang='lat' dir='ltr'><strong>frigore</strong></span> <span class='ocrx_word' id='word_1_53' title='bbox 801 992 930 1068; x_wconf 85' lang='lat' dir='ltr'><strong>sanguis.</strong></span> 
     </span>
    </p>

    <p class='ocr_par' dir='ltr' id='par_1_9' title="bbox 121 1074 906 1160">
     <span class='ocr_line' id='line_1_10' title="bbox 121 1074 906 1160; baseline -0.009 -19"><span class='ocrx_word' id='word_1_54' title='bbox 121 1090 186 1143; x_wconf 91' lang='lat' dir='ltr'><strong>tum</strong></span> <span class='ocrx_word' id='word_1_55' title='bbox 202 1081 276 1158; x_wconf 87' lang='lat' dir='ltr'><strong>lapis</strong></span> <span class='ocrx_word' id='word_1_56' title='bbox 296 1082 359 1160; x_wconf 88' lang='lat' dir='ltr'><strong>ipse</strong></span> <span class='ocrx_word' id='word_1_57' title='bbox 379 1081 442 1149; x_wconf 89' lang='lat' dir='ltr'><strong>viri,</strong></span> <span class='ocrx_word' id='word_1_58' title='bbox 461 1097 586 1140; x_wconf 85' lang='lat' dir='ltr'><strong>vacuum</strong></span> <span class='ocrx_word' id='word_1_59' title='bbox 606 1095 660 1156; x_wconf 89' lang='lat' dir='ltr'><strong>per</strong></span> <span class='ocrx_word' id='word_1_60' title='bbox 678 1079 765 1137; x_wconf 88' lang='lat' dir='ltr'><strong>inane</strong></span> <span class='ocrx_word' id='word_1_61' title='bbox 781 1074 906 1143; x_wconf 92' lang='lat' dir='ltr'><strong>volutus,</strong></span> 
     </span>
    </p>

    <p class='ocr_par' dir='ltr' id='par_1_10' title="bbox 121 1159 927 1243">
     <span class='ocr_line' id='line_1_11' title="bbox 121 1159 927 1243; baseline -0.009 -19"><span class='ocrx_word' id='word_1_62' title='bbox 121 1182 179 1224; x_wconf 90' lang='lat' dir='ltr'><strong>nec</strong></span> <span class='ocrx_word' id='word_1_63' title='bbox 199 1166 325 1243; x_wconf 88' lang='lat' dir='ltr'><strong>spatium</strong></span> <span class='ocrx_word' id='word_1_64' title='bbox 345 1164 435 1224; x_wconf 89' lang='lat' dir='ltr'><strong>evasit</strong></span> <span class='ocrx_word' id='word_1_65' title='bbox 455 1169 556 1237; x_wconf 66' lang='lat' dir='ltr'><strong>totum,</strong></span> <span class='ocrx_word' id='word_1_66' title='bbox 569 1179 665 1240; x_wconf 91' lang='lat' dir='ltr'><strong>neque</strong></span> <span class='ocrx_word' id='word_1_67' title='bbox 686 1160 806 1238; x_wconf 88' lang='lat' dir='ltr'><strong>pertulit</strong></span> <span class='ocrx_word' id='word_1_68' title='bbox 827 1159 927 1219; x_wconf 91' lang='lat' dir='ltr'><strong>ictum.</strong></span> 
     </span>
    </p>

    <p class='ocr_par' dir='ltr' id='par_1_11' title="bbox 122 1242 933 1321">
     <span class='ocr_line' id='line_1_12' title="bbox 122 1242 933 1321; baseline -0.01 -13"><span class='ocrx_word' id='word_1_69' title='bbox 122 1265 159 1308; x_wconf 79' lang='lat' dir='ltr'><strong>ao</strong></span> <span class='ocrx_word' id='word_1_70' title='bbox 179 1244 305 1308; x_wconf 88' lang='lat' dir='ltr'><strong>velutin</strong></span> <span class='ocrx_word' id='word_1_71' title='bbox 327 1248 448 1314; x_wconf 90' lang='lat' dir='ltr'><strong>somnis,</strong></span> <span class='ocrx_word' id='word_1_72' title='bbox 471 1243 572 1306; x_wconf 84' lang='lat' dir='ltr'><strong>ocrrlos</strong></span> <span class='ocrx_word' id='word_1_73' title='bbox 593 1245 645 1306; x_wconf 90' lang='lat' dir='ltr'><strong>uhi</strong></span> <span class='ocrx_word' id='word_1_74' title='bbox 665 1243 802 1320; x_wconf 84' lang='lat' dir='ltr'><strong>languida</strong></span> <span class='ocrx_word' id='word_1_75' title='bbox 823 1242 933 1321; x_wconf 86' lang='lat' dir='ltr'><strong>pressit</strong></span> 
     </span>
    </p>

    <p class='ocr_par' dir='ltr' id='par_1_12' title="bbox 123 1327 943 1413">
     <span class='ocr_line' id='line_1_13' title="bbox 123 1327 943 1413; baseline -0.007 -23"><span class='ocrx_word' id='word_1_76' title='bbox 123 1336 211 1391; x_wconf 88' lang='lat' dir='ltr'><strong>noete</strong></span> <span class='ocrx_word' id='word_1_77' title='bbox 229 1331 321 1413; x_wconf 88' lang='lat' dir='ltr'><strong>quies,</strong></span> <span class='ocrx_word' id='word_1_78' title='bbox 343 1330 522 1407; x_wconf 87' lang='lat' dir='ltr'><strong>nequiquam</strong></span> <span class='ocrx_word' id='word_1_79' title='bbox 541 1329 641 1388; x_wconf 85' lang='lat' dir='ltr'><strong>avidos</strong></span> <span class='ocrx_word' id='word_1_80' title='bbox 661 1327 819 1388; x_wconf 83' lang='lat' dir='ltr'><strong>extendere</strong></span> <span class='ocrx_word' id='word_1_81' title='bbox 838 1342 943 1386; x_wconf 89' lang='lat' dir='ltr'><strong>cursus</strong></span> 
     </span>
    </p>

    <p class='ocr_par' dir='ltr' id='par_1_13' title="bbox 123 1410 1138 1573">
     <span class='ocr_line' id='line_1_14' title="bbox 123 1410 1138 1488; baseline -0.011 -15"><span class='ocrx_word' id='word_1_82' title='bbox 123 1412 197 1474; x_wconf 92' lang='lat' dir='ltr'><strong>velle</strong></span> <span class='ocrx_word' id='word_1_83' title='bbox 216 1414 349 1473; x_wconf 86' lang='lat' dir='ltr'><strong>videmur</strong></span> <span class='ocrx_word' id='word_1_84' title='bbox 371 1421 400 1473; x_wconf 90' lang='lat' dir='ltr'><strong>et</strong></span> <span class='ocrx_word' id='word_1_85' title='bbox 421 1412 451 1471; x_wconf 88' lang='lat' dir='ltr'><strong>in</strong></span> <span class='ocrx_word' id='word_1_86' title='bbox 471 1411 575 1472; x_wconf 90' lang='lat' dir='ltr'><strong>mediis</strong></span> <span class='ocrx_word' id='word_1_87' title='bbox 596 1410 749 1472; x_wconf 82' lang='lat' dir='ltr'><strong>conatibus·</strong></span> <span class='ocrx_word' id='word_1_88' title='bbox 769 1410 849 1488; x_wconf 82' lang='lat' dir='ltr'><strong>aegri</strong></span> <span class='ocrx_word' id='word_1_89' title='bbox 1086 1411 1138 1464; x_wconf 79' lang='lat' dir='ltr'><strong>vlo</strong></span> 
     </span>
     <span class='ocr_line' id='line_1_15' title="bbox 123 1493 958 1573; baseline -0.005 -17"><span class='ocrx_word' id='word_1_90' title='bbox 123 1496 302 1557; x_wconf 88' lang='lat' dir='ltr'><strong>succidimus</strong></span> <span class='ocrx_word' id='word_1_91' title='bbox 325 1496 395 1573; x_wconf 81' lang='lat' dir='ltr'><strong>(non</strong></span> <span class='ocrx_word' id='word_1_92' title='bbox 417 1493 516 1573; x_wconf 89' lang='lat' dir='ltr'><strong>lingua</strong></span> <span class='ocrx_word' id='word_1_93' title='bbox 538 1494 623 1564; x_wconf 91' lang='lat' dir='ltr'><strong>valet,</strong></span> <span class='ocrx_word' id='word_1_94' title='bbox 642 1512 702 1555; x_wconf 91' lang='lat' dir='ltr'><strong>non</strong></span> <span class='ocrx_word' id='word_1_95' title='bbox 725 1511 851 1572; x_wconf 89' lang='lat' dir='ltr'><strong>corpore</strong></span> <span class='ocrx_word' id='word_1_96' title='bbox 871 1498 958 1552; x_wconf 90' lang='lat' dir='ltr'><strong>notae</strong></span> 
     </span>
    </p>

    <p class='ocr_par' dir='ltr' id='par_1_14' title="bbox 126 1577 905 1657">
     <span class='ocr_line' id='line_1_16' title="bbox 126 1577 905 1657; baseline -0.009 -14"><span class='ocrx_word' id='word_1_97' title='bbox 126 1579 274 1643; x_wconf 80' lang='lat' dir='ltr'><strong>sufficiunt</strong></span> <span class='ocrx_word' id='word_1_98' title='bbox 294 1579 382 1657; x_wconf 85' lang='lat' dir='ltr'><strong>vires,</strong></span> <span class='ocrx_word' id='word_1_99' title='bbox 403 1595 458 1639; x_wconf 91' lang='lat' dir='ltr'><strong>nec</strong></span> <span class='ocrx_word' id='word_1_100' title='bbox 480 1596 536 1638; x_wconf 82' lang='lat' dir='ltr'><strong>vox</strong></span> <span class='ocrx_word' id='word_1_101' title='bbox 557 1585 607 1638; x_wconf 89' lang='lat' dir='ltr'><strong>aut</strong></span> <span class='ocrx_word' id='word_1_102' title='bbox 627 1577 716 1639; x_wconf 89' lang='lat' dir='ltr'><strong>verba</strong></span> <span class='ocrx_word' id='word_1_103' title='bbox 738 1577 905 1654; x_wconf 76' lang='lat' dir='ltr'><strong>secunturjz</strong></span> 
     </span>
    </p>

    <p class='ocr_par' dir='ltr' id='par_1_15' title="bbox 125 1661 861 1742">
     <span class='ocr_line' id='line_1_17' title="bbox 125 1661 861 1742; baseline -0.004 -20"><span class='ocrx_word' id='word_1_104' title='bbox 125 1663 168 1722; x_wconf 88' lang='lat' dir='ltr'><strong>sio</strong></span> <span class='ocrx_word' id='word_1_105' title='bbox 188 1662 299 1730; x_wconf 81' lang='lat' dir='ltr'><strong>Turno,</strong></span> <span class='ocrx_word' id='word_1_106' title='bbox 323 1680 508 1742; x_wconf 91' lang='lat' dir='ltr'><strong>quacumque</strong></span> <span class='ocrx_word' id='word_1_107' title='bbox 529 1662 604 1721; x_wconf 89' lang='lat' dir='ltr'><strong>viam</strong></span> <span class='ocrx_word' id='word_1_108' title='bbox 627 1662 732 1722; x_wconf 88' lang='lat' dir='ltr'><strong>virtute</strong></span> <span class='ocrx_word' id='word_1_109' title='bbox 751 1661 861 1739; x_wconf 87' lang='lat' dir='ltr'><strong>petivit,</strong></span> 
     </span>
    </p>

    <p class='ocr_par' dir='ltr' id='par_1_16' title="bbox 123 1745 935 1824">
     <span class='ocr_line' id='line_1_18' title="bbox 123 1745 935 1824; baseline -0.005 -18"><span class='ocrx_word' id='word_1_110' title='bbox 123 1762 294 1806; x_wconf 89' lang='lat' dir='ltr'><strong>successum</strong></span> <span class='ocrx_word' id='word_1_111' title='bbox 312 1745 366 1806; x_wconf 91' lang='lat' dir='ltr'><strong>dea</strong></span> <span class='ocrx_word' id='word_1_112' title='bbox 387 1745 452 1806; x_wconf 91' lang='lat' dir='ltr'><strong>dira</strong></span> <span class='ocrx_word' id='word_1_113' title='bbox 473 1751 569 1824; x_wconf 89' lang='lat' dir='ltr'><strong>negat.</strong></span> <span class='ocrx_word' id='word_1_114' title='bbox 604 1751 666 1806; x_wconf 91' lang='lat' dir='ltr'><strong>tum</strong></span> <span class='ocrx_word' id='word_1_115' title='bbox 687 1753 808 1824; x_wconf 89' lang='lat' dir='ltr'><strong>pectore</strong></span> <span class='ocrx_word' id='word_1_116' title='bbox 830 1761 935 1805; x_wconf 91' lang='lat' dir='ltr'><strong>sensus</strong></span> 
     </span>
    </p>

    <p class='ocr_par' dir='ltr' id='par_1_17' title="bbox 126 1827 1138 1990">
     <span class='ocr_line' id='line_1_19' title="bbox 126 1827 1138 1908; baseline -0.002 -19"><span class='ocrx_word' id='word_1_117' title='bbox 126 1835 279 1890; x_wconf 87' lang='lat' dir='ltr'><strong>vertuntur</strong></span> <span class='ocrx_word' id='word_1_118' title='bbox 300 1829 380 1889; x_wconf 90' lang='lat' dir='ltr'><strong>varii.</strong></span> <span class='ocrx_word' id='word_1_119' title='bbox 413 1828 537 1889; x_wconf 88' lang='lat' dir='ltr'><strong>Rutulos</strong></span> <span class='ocrx_word' id='word_1_120' title='bbox 555 1836 685 1908; x_wconf 88' lang='lat' dir='ltr'><strong>aspectat</strong></span> <span class='ocrx_word' id='word_1_121' title='bbox 708 1835 736 1888; x_wconf 90' lang='lat' dir='ltr'><strong>et</strong></span> <span class='ocrx_word' id='word_1_122' title='bbox 757 1828 864 1888; x_wconf 90' lang='lat' dir='ltr'><strong>urbem</strong></span> <span class='ocrx_word' id='word_1_123' title='bbox 1085 1827 1138 1880; x_wconf 76' lang='lat'><strong>91⁶</strong></span> 
     </span>
     <span class='ocr_line' id='line_1_20' title="bbox 127 1910 933 1990; baseline -0.006 -17"><span class='ocrx_word' id='word_1_124' title='bbox 127 1919 342 1990; x_wconf 73' lang='lat' dir='ltr'><strong>cunctaturque</strong></span> <span class='ocrx_word' id='word_1_125' title='bbox 363 1918 445 1973; x_wconf 93' lang='lat' dir='ltr'><strong>metu</strong></span> <span class='ocrx_word' id='word_1_126' title='bbox 466 1910 616 1990; x_wconf 92' lang='lat' dir='ltr'><strong>letumque</strong></span> <span class='ocrx_word' id='word_1_127' title='bbox 638 1913 747 1971; x_wconf 87' lang='lat' dir='ltr'><strong>instare</strong></span> <span class='ocrx_word' id='word_1_128' title='bbox 769 1911 933 1976; x_wconf 89' lang='lat' dir='ltr'><strong>tremescit;</strong></span> 
     </span>
    </p>

    <p class='ocr_par' dir='ltr' id='par_1_18' title="bbox 124 1992 973 2072">
     <span class='ocr_line' id='line_1_21' title="bbox 124 1992 973 2072; baseline -0.002 -18"><span class='ocrx_word' id='word_1_129' title='bbox 124 2012 181 2056; x_wconf 89' lang='lat' dir='ltr'><strong>nec</strong></span> <span class='ocrx_word' id='word_1_130' title='bbox 203 2013 261 2072; x_wconf 91' lang='lat' dir='ltr'><strong>quo</strong></span> <span class='ocrx_word' id='word_1_131' title='bbox 283 2012 315 2055; x_wconf 90' lang='lat' dir='ltr'><strong>se</strong></span> <span class='ocrx_word' id='word_1_132' title='bbox 338 1995 451 2070; x_wconf 90' lang='lat' dir='ltr'><strong>eripiat,</strong></span> <span class='ocrx_word' id='word_1_133' title='bbox 473 2011 529 2054; x_wconf 90' lang='lat' dir='ltr'><strong>nec</strong></span> <span class='ocrx_word' id='word_1_134' title='bbox 550 1996 656 2070; x_wconf 89' lang='lat' dir='ltr'><strong>quavi</strong></span> <span class='ocrx_word' id='word_1_135' title='bbox 677 1992 777 2053; x_wconf 90' lang='lat' dir='ltr'><strong>tendat</strong></span> <span class='ocrx_word' id='word_1_136' title='bbox 797 1994 827 2053; x_wconf 90' lang='lat' dir='ltr'><strong>in</strong></span> <span class='ocrx_word' id='word_1_137' title='bbox 848 1992 973 2060; x_wconf 88' lang='lat' dir='ltr'><strong>hostem,</strong></span> 
     </span>
    </p>

    <p class='ocr_par' dir='ltr' id='par_1_19' title="bbox 124 2077 903 2154">
     <span class='ocr_line' id='line_1_22' title="bbox 124 2077 903 2154; baseline -0.004 -17"><span class='ocrx_word' id='word_1_138' title='bbox 124 2095 181 2137; x_wconf 87' lang='lat' dir='ltr'><strong>nec</strong></span> <span class='ocrx_word' id='word_1_139' title='bbox 202 2093 307 2137; x_wconf 87' lang='lat' dir='ltr'><strong>currus</strong></span> <span class='ocrx_word' id='word_1_140' title='bbox 328 2093 454 2154; x_wconf 86' lang='lat' dir='ltr'><strong>usquam</strong></span> <span class='ocrx_word' id='word_1_141' title='bbox 474 2077 552 2138; x_wconf 90' lang='lat' dir='ltr'><strong>videt</strong></span> <span class='ocrx_word' id='word_1_142' title='bbox 570 2078 739 2152; x_wconf 79' lang='lat' dir='ltr'><strong>aurigamve</strong></span> <span class='ocrx_word' id='word_1_143' title='bbox 760 2092 903 2136; x_wconf 88' lang='lat' dir='ltr'><strong>sororem.</strong></span> 
     </span>
    </p>

    <p class='ocr_par' dir='ltr' id='par_1_20' title="bbox 125 2156 789 2234">
     <span class='ocr_line' id='line_1_23' title="bbox 125 2156 789 2234; baseline -0.005 -13"><span class='ocrx_word' id='word_1_144' title='bbox 125 2160 274 2221; x_wconf 79' lang='lat' dir='ltr'><strong>cunctanti</strong></span> <span class='ocrx_word' id='word_1_145' title='bbox 292 2156 383 2219; x_wconf 90' lang='lat' dir='ltr'><strong>telum</strong></span> <span class='ocrx_word' id='word_1_146' title='bbox 405 2159 517 2220; x_wconf 78' lang='lat' dir='ltr'><strong>deneas</strong></span> <span class='ocrx_word' id='word_1_147' title='bbox 536 2158 623 2219; x_wconf 86' lang='lat' dir='ltr'><strong>latale</strong></span> <span class='ocrx_word' id='word_1_148' title='bbox 645 2166 789 2234; x_wconf 78' lang='lat' dir='ltr'><strong>coruscat,</strong></span> 
     </span>
    </p>

    <p class='ocr_par' dir='ltr' id='par_1_21' title="bbox 126 2241 821 2318">
     <span class='ocr_line' id='line_1_24' title="bbox 126 2241 821 2318; baseline -0.004 -15"><span class='ocrx_word' id='word_1_149' title='bbox 126 2243 246 2304; x_wconf 84' lang='lat' dir='ltr'><strong>sortitus</strong></span> <span class='ocrx_word' id='word_1_150' title='bbox 268 2241 418 2303; x_wconf 81' lang='lat' dir='ltr'><strong>fortunam</strong></span> <span class='ocrx_word' id='word_1_151' title='bbox 438 2241 539 2311; x_wconf 89' lang='lat' dir='ltr'><strong>oculis,</strong></span> <span class='ocrx_word' id='word_1_152' title='bbox 562 2249 591 2303; x_wconf 93' lang='lat' dir='ltr'><strong>et</strong></span> <span class='ocrx_word' id='word_1_153' title='bbox 613 2259 741 2318; x_wconf 87' lang='lat' dir='ltr'><strong>corpore</strong></span> <span class='ocrx_word' id='word_1_154' title='bbox 760 2248 821 2300; x_wconf 89' lang='lat' dir='ltr'><strong>toto</strong></span> 
     </span>
    </p>

    <p class='ocr_par' dir='ltr' id='par_1_22' title="bbox 125 2324 874 2403">
     <span class='ocr_line' id='line_1_25' title="bbox 125 2324 874 2403; baseline -0.005 -14"><span class='ocrx_word' id='word_1_155' title='bbox 125 2327 240 2389; x_wconf 91' lang='lat' dir='ltr'><strong>eminus</strong></span> <span class='ocrx_word' id='word_1_156' title='bbox 261 2326 419 2403; x_wconf 87' lang='lat' dir='ltr'><strong>intorquet.</strong></span> <span class='ocrx_word' id='word_1_157' title='bbox 453 2324 558 2386; x_wconf 90' lang='lat' dir='ltr'><strong>murali</strong></span> <span class='ocrx_word' id='word_1_158' title='bbox 581 2327 694 2386; x_wconf 90' lang='lat' dir='ltr'><strong>concita</strong></span> <span class='ocrx_word' id='word_1_159' title='bbox 712 2342 874 2402; x_wconf 89' lang='lat' dir='ltr'><strong>numquam</strong></span> 
     </span>
    </p>

    <p class='ocr_par' dir='ltr' id='par_1_23' title="bbox 126 2407 897 2479">
     <span class='ocr_line' id='line_1_26' title="bbox 126 2407 897 2479; baseline -0.003 -10"><span class='ocrx_word' id='word_1_160' title='bbox 126 2417 273 2474; x_wconf 88' lang='lat' dir='ltr'><strong>tormento</strong></span> <span class='ocrx_word' id='word_1_161' title='bbox 295 2409 337 2468; x_wconf 93' lang='lat' dir='ltr'><strong>sic</strong></span> <span class='ocrx_word' id='word_1_162' title='bbox 356 2426 426 2469; x_wconf 79' lang='lat' dir='ltr'><strong>saxa</strong></span> <span class='ocrx_word' id='word_1_163' title='bbox 445 2408 584 2479; x_wconf 82' lang='lat' dir='ltr'><strong>fremunt,</strong></span> <span class='ocrx_word' id='word_1_164' title='bbox 607 2427 662 2469; x_wconf 87' lang='lat' dir='ltr'><strong>nec</strong></span> <span class='ocrx_word' id='word_1_165' title='bbox 681 2407 803 2470; x_wconf 80' lang='lat' dir='ltr'><strong>fulmine</strong></span> <span class='ocrx_word' id='word_1_166' title='bbox 824 2408 897 2468; x_wconf 89' lang='lat' dir='ltr'><strong>tanti</strong></span> 
     </span>
    </p>

    <p class='ocr_par' dir='ltr' id='par_1_24' title="bbox 127 2491 885 2570">
     <span class='ocr_line' id='line_1_27' title="bbox 127 2491 885 2570; baseline -0.001 -17"><span class='ocrx_word' id='word_1_167' title='bbox 127 2491 282 2553; x_wconf 86' lang='lat' dir='ltr'><strong>dissultant</strong></span> <span class='ocrx_word' id='word_1_168' title='bbox 303 2493 441 2570; x_wconf 89' lang='lat' dir='ltr'><strong>crepitus.</strong></span> <span class='ocrx_word' id='word_1_169' title='bbox 476 2491 553 2553; x_wconf 92' lang='lat' dir='ltr'><strong>volat</strong></span> <span class='ocrx_word' id='word_1_170' title='bbox 572 2493 627 2553; x_wconf 92' lang='lat' dir='ltr'><strong>atri</strong></span> <span class='ocrx_word' id='word_1_171' title='bbox 650 2491 775 2552; x_wconf 83' lang='lat' dir='ltr'><strong>turbinis</strong></span> <span class='ocrx_word' id='word_1_172' title='bbox 793 2493 885 2552; x_wconf 89' lang='lat' dir='ltr'><strong>instar</strong></span> 
     </span>
    </p>

    <p class='ocr_par' dir='ltr' id='par_1_25' title="bbox 127 2575 881 2654">
     <span class='ocr_line' id='line_1_28' title="bbox 127 2575 881 2654; baseline -0.003 -18"><span class='ocrx_word' id='word_1_173' title='bbox 127 2577 250 2636; x_wconf 85' lang='lat' dir='ltr'><strong>exitium</strong></span> <span class='ocrx_word' id='word_1_174' title='bbox 267 2575 363 2636; x_wconf 89' lang='lat' dir='ltr'><strong>dirum</strong></span> <span class='ocrx_word' id='word_1_175' title='bbox 385 2576 467 2636; x_wconf 90' lang='lat' dir='ltr'><strong>hasta</strong></span> <span class='ocrx_word' id='word_1_176' title='bbox 487 2576 585 2637; x_wconf 82' lang='lat' dir='ltr'><strong>serens</strong></span> <span class='ocrx_word' id='word_1_177' title='bbox 605 2594 731 2654; x_wconf 90' lang='lat' dir='ltr'><strong>orasque</strong></span> <span class='ocrx_word' id='word_1_178' title='bbox 753 2575 881 2636; x_wconf 89' lang='lat' dir='ltr'><strong>recludit</strong></span> 
     </span>
    </p>

    <p class='ocr_par' dir='ltr' id='par_1_26' title="bbox 126 2650 1212 2823">
     <span class='ocr_line' id='line_1_29' title="bbox 126 2650 1212 2738; baseline 0.001 -19"><span class='ocrx_word' id='word_1_179' title='bbox 126 2659 236 2719; x_wconf 90' lang='lat' dir='ltr'><strong>loricae</strong></span> <span class='ocrx_word' id='word_1_180' title='bbox 255 2665 284 2719; x_wconf 92' lang='lat' dir='ltr'><strong>et</strong></span> <span class='ocrx_word' id='word_1_181' title='bbox 306 2657 390 2736; x_wconf 86' lang='lat' dir='ltr'><strong>clipei</strong></span> <span class='ocrx_word' id='word_1_182' title='bbox 412 2668 558 2721; x_wconf 78' lang='lat' dir='ltr'><strong>exuemus</strong></span> <span class='ocrx_word' id='word_1_183' title='bbox 580 2659 776 2738; x_wconf 88' lang='lat' dir='ltr'><strong>septemplicis</strong></span> <span class='ocrx_word' id='word_1_184' title='bbox 795 2658 893 2720; x_wconf 91' lang='lat' dir='ltr'><strong>orhes.</strong></span> <span class='ocrx_word' id='word_1_185' title='bbox 1087 2661 1140 2712; x_wconf 77' lang='lat'><strong>9²5</strong></span> <span class='ocrx_word' id='word_1_186' title='bbox 1204 2650 1212 2665; x_wconf 67' lang='lat'>⁵</span> 
     </span>
     <span class='ocr_line' id='line_1_30' title="bbox 126 2742 964 2823; baseline -0.001 -20"><span class='ocrx_word' id='word_1_187' title='bbox 126 2757 181 2823; x_wconf 89' lang='lat' dir='ltr'><strong>pcr</strong></span> <span class='ocrx_word' id='word_1_188' title='bbox 202 2742 331 2803; x_wconf 89' lang='lat' dir='ltr'><strong>medium</strong></span> <span class='ocrx_word' id='word_1_189' title='bbox 348 2743 475 2804; x_wconf 89' lang='lat' dir='ltr'><strong>stridens</strong></span> <span class='ocrx_word' id='word_1_190' title='bbox 493 2744 599 2804; x_wconf 90' lang='lat' dir='ltr'><strong>transit</strong></span> <span class='ocrx_word' id='word_1_191' title='bbox 623 2744 728 2804; x_wconf 87' lang='lat' dir='ltr'><strong>lemur.</strong></span> <span class='ocrx_word' id='word_1_192' title='bbox 763 2743 865 2818; x_wconf 88' lang='lat' dir='ltr'><strong>incidit</strong></span> <span class='ocrx_word' id='word_1_193' title='bbox 890 2743 964 2803; x_wconf 90' lang='lat' dir='ltr'><strong>ictus</strong></span> 
     </span>
    </p>

    <p class='ocr_par' dir='ltr' id='par_1_27' title="bbox 127 2826 867 2904">
     <span class='ocr_line' id='line_1_31' title="bbox 127 2826 867 2904; baseline -0.001 -17"><span class='ocrx_word' id='word_1_194' title='bbox 127 2829 231 2903; x_wconf 85' lang='lat' dir='ltr'><strong>ingens</strong></span> <span class='ocrx_word' id='word_1_195' title='bbox 252 2826 289 2885; x_wconf 91' lang='lat' dir='ltr'><strong>ad</strong></span> <span class='ocrx_word' id='word_1_196' title='bbox 309 2834 419 2886; x_wconf 89' lang='lat' dir='ltr'><strong>terram</strong></span> <span class='ocrx_word' id='word_1_197' title='bbox 441 2827 587 2904; x_wconf 90' lang='lat' dir='ltr'><strong>duplicato</strong></span> <span class='ocrx_word' id='word_1_198' title='bbox 609 2826 718 2904; x_wconf 89' lang='lat' dir='ltr'><strong>poplite</strong></span> <span class='ocrx_word' id='word_1_199' title='bbox 738 2826 867 2887; x_wconf 83' lang='lat' dir='ltr'><strong>Turnus.</strong></span> 
     </span>
    </p>

    <p class='ocr_par' dir='ltr' id='par_1_28' title="bbox 128 2909 882 2985">
     <span class='ocr_line' id='line_1_32' title="bbox 128 2909 882 2985; baseline -0.004 -15"><span class='ocrx_word' id='word_1_200' title='bbox 128 2915 312 2982; x_wconf 86' lang='lat' dir='ltr'><strong>consurgunt</strong></span> <span class='ocrx_word' id='word_1_201' title='bbox 332 2910 441 2982; x_wconf 87' lang='lat' dir='ltr'><strong>gemitu</strong></span> <span class='ocrx_word' id='word_1_202' title='bbox 464 2909 571 2975; x_wconf 75' lang='lat' dir='ltr'><strong>Rutuli</strong></span> <span class='ocrx_word' id='word_1_203' title='bbox 596 2917 731 2985; x_wconf 88' lang='lat' dir='ltr'><strong>totusque</strong></span> <span class='ocrx_word' id='word_1_204' title='bbox 754 2911 882 2984; x_wconf 88' lang='lat' dir='ltr'><strong>remugit</strong></span> 
     </span>
    </p>

    <p class='ocr_par' dir='ltr' id='par_1_29' title="bbox 128 2990 1006 3058">
     <span class='ocr_line' id='line_1_33' title="bbox 128 2990 1006 3058; baseline -0.007 -6"><span class='ocrx_word' id='word_1_205' title='bbox 128 3008 214 3052; x_wconf 88' lang='lat' dir='ltr'><strong>mons</strong></span> <span class='ocrx_word' id='word_1_206' title='bbox 232 2990 353 3058; x_wconf 90' lang='lat' dir='ltr'><strong>circum,</strong></span> <span class='ocrx_word' id='word_1_207' title='bbox 376 2998 404 3050; x_wconf 95' lang='lat' dir='ltr'><strong>et</strong></span> <span class='ocrx_word' id='word_1_208' title='bbox 425 3009 526 3050; x_wconf 89' lang='lat' dir='ltr'><strong>vocem</strong></span> <span class='ocrx_word' id='word_1_209' title='bbox 548 2990 605 3051; x_wconf 94' lang='lat' dir='ltr'><strong>late</strong></span> <span class='ocrx_word' id='word_1_210' title='bbox 625 3008 746 3051; x_wconf 90' lang='lat' dir='ltr'><strong>nemora</strong></span> <span class='ocrx_word' id='word_1_211' title='bbox 767 2990 823 3050; x_wconf 90' lang='lat' dir='ltr'><strong>alta</strong></span> <span class='ocrx_word' id='word_1_212' title='bbox 845 2991 1006 3050; x_wconf 86' lang='lat' dir='ltr'><strong>remittunt.</strong></span> 
     </span>
    </p>

    <p class='ocr_par' dir='ltr' id='par_1_30' title="bbox 128 3072 1139 3237">
     <span class='ocr_line' id='line_1_34' title="bbox 128 3072 1139 3151; baseline -0.009 -15"><span class='ocrx_word' id='word_1_213' title='bbox 128 3073 177 3136; x_wconf 92' lang='lat' dir='ltr'><strong>ille</strong></span> <span class='ocrx_word' id='word_1_214' title='bbox 198 3073 315 3134; x_wconf 91' lang='lat' dir='ltr'><strong>humilis</strong></span> <span class='ocrx_word' id='word_1_215' title='bbox 338 3072 462 3151; x_wconf 84' lang='lat' dir='ltr'><strong>supplex</strong></span> <span class='ocrx_word' id='word_1_216' title='bbox 484 3072 595 3142; x_wconf 90' lang='lat' dir='ltr'><strong>oculos,</strong></span> <span class='ocrx_word' id='word_1_217' title='bbox 618 3074 809 3151; x_wconf 84' lang='lat' dir='ltr'><strong>dextramque</strong></span> <span class='ocrx_word' id='word_1_218' title='bbox 830 3080 1000 3150; x_wconf 87' lang='lat' dir='ltr'><strong>precantem</strong></span> <span class='ocrx_word' id='word_1_219' title='bbox 1086 3075 1139 3128; x_wconf 78' lang='lat'><strong>93⁰</strong></span> 
     </span>
     <span class='ocr_line' id='line_1_35' title="bbox 129 3155 987 3237; baseline -0.007 -19"><span class='ocrx_word' id='word_1_220' title='bbox 129 3157 310 3237; x_wconf 89' lang='lat' dir='ltr'><strong>protendens</strong></span> <span class='ocrx_word' id='word_1_221' title='bbox 334 3156 485 3235; x_wconf 80' lang='lat' dir='ltr'><strong>‘equidem</strong></span> <span class='ocrx_word' id='word_1_222' title='bbox 508 3157 603 3217; x_wconf 89' lang='lat' dir='ltr'><strong>merui</strong></span> <span class='ocrx_word' id='word_1_223' title='bbox 624 3174 680 3216; x_wconf 88' lang='lat' dir='ltr'><strong>ncc</strong></span> <span class='ocrx_word' id='word_1_224' title='bbox 700 3156 858 3233; x_wconf 90' lang='lat' dir='ltr'><strong>deprecor’</strong></span> <span class='ocrx_word' id='word_1_225' title='bbox 878 3155 987 3232; x_wconf 91' lang='lat' dir='ltr'><strong>inquit:</strong></span> 
     </span>
    </p>

    <p class='ocr_par' dir='ltr' id='par_1_31' title="bbox 131 3240 852 3318">
     <span class='ocr_line' id='line_1_36' title="bbox 131 3240 852 3318; baseline -0.004 -16"><span class='ocrx_word' id='word_1_226' title='bbox 131 3250 231 3302; x_wconf 84' lang='lat' dir='ltr'><strong>‘utere</strong></span> <span class='ocrx_word' id='word_1_227' title='bbox 254 3247 333 3300; x_wconf 87' lang='lat' dir='ltr'><strong>sorte</strong></span> <span class='ocrx_word' id='word_1_228' title='bbox 354 3247 413 3302; x_wconf 91' lang='lat' dir='ltr'><strong>tua.</strong></span> <span class='ocrx_word' id='word_1_229' title='bbox 447 3240 548 3300; x_wconf 91' lang='lat' dir='ltr'><strong>miseri</strong></span> <span class='ocrx_word' id='word_1_230' title='bbox 569 3247 598 3300; x_wconf 93' lang='lat' dir='ltr'><strong>te</strong></span> <span class='ocrx_word' id='word_1_231' title='bbox 621 3241 704 3318; x_wconf 90' lang='lat' dir='ltr'><strong>siqua</strong></span> <span class='ocrx_word' id='word_1_232' title='bbox 721 3242 852 3317; x_wconf 89' lang='lat' dir='ltr'><strong>parentis</strong></span> 
     </span>
    </p>

    <p class='ocr_par' dir='ltr' id='par_1_32' title="bbox 131 3318 838 3403">
     <span class='ocr_line' id='line_1_37' title="bbox 131 3318 838 3403; baseline -0.003 -19"><span class='ocrx_word' id='word_1_233' title='bbox 131 3336 252 3403; x_wconf 87' lang='lat' dir='ltr'><strong>tangere</strong></span> <span class='ocrx_word' id='word_1_234' title='bbox 275 3342 345 3384; x_wconf 89' lang='lat' dir='ltr'><strong>cura</strong></span> <span class='ocrx_word' id='word_1_235' title='bbox 367 3332 472 3403; x_wconf 83' lang='lat' dir='ltr'><strong>potest,</strong></span> <span class='ocrx_word' id='word_1_236' title='bbox 491 3341 544 3384; x_wconf 90' lang='lat' dir='ltr'><strong>oro</strong></span> <span class='ocrx_word' id='word_1_237' title='bbox 568 3325 632 3402; x_wconf 80' lang='lat' dir='ltr'><strong>(tuit</strong></span> <span class='ocrx_word' id='word_1_238' title='bbox 651 3331 680 3384; x_wconf 93' lang='lat' dir='ltr'><strong>et</strong></span> <span class='ocrx_word' id='word_1_239' title='bbox 701 3318 753 3383; x_wconf 84' lang='lat' dir='ltr'><strong>tihi</strong></span> <span class='ocrx_word' id='word_1_240' title='bbox 773 3329 838 3383; x_wconf 87' lang='lat' dir='ltr'><strong>tatis</strong></span> 
     </span>
    </p>

    <p class='ocr_par' dir='ltr' id='par_1_33' title="bbox 132 3407 862 3487">
     <span class='ocr_line' id='line_1_38' title="bbox 132 3407 862 3487; baseline -0.003 -16"><span class='ocrx_word' id='word_1_241' title='bbox 132 3408 273 3471; x_wconf 80' lang='lat' dir='ltr'><strong>Anchises</strong></span> <span class='ocrx_word' id='word_1_242' title='bbox 294 3408 427 3487; x_wconf 79' lang='lat' dir='ltr'><strong>genitor),</strong></span> <span class='ocrx_word' id='word_1_243' title='bbox 450 3407 544 3468; x_wconf 87' lang='lat' dir='ltr'><strong>Dauni</strong></span> <span class='ocrx_word' id='word_1_244' title='bbox 566 3410 705 3468; x_wconf 88' lang='lat' dir='ltr'><strong>miserere</strong></span> <span class='ocrx_word' id='word_1_245' title='bbox 727 3414 862 3469; x_wconf 89' lang='lat' dir='ltr'><strong>senectae</strong></span> 
     </span>
    </p>

    <p class='ocr_par' dir='ltr' id='par_1_34' title="bbox 131 3489 840 3569">
     <span class='ocr_line' id='line_1_39' title="bbox 131 3489 840 3569; baseline -0.004 -15"><span class='ocrx_word' id='word_1_246' title='bbox 131 3504 160 3554; x_wconf 86' lang='lat' dir='ltr'><strong>et</strong></span> <span class='ocrx_word' id='word_1_247' title='bbox 181 3510 228 3552; x_wconf 88' lang='lat' dir='ltr'><strong>me</strong></span> <span class='ocrx_word' id='word_1_248' title='bbox 249 3509 302 3553; x_wconf 88' lang='lat' dir='ltr'><strong>seu</strong></span> <span class='ocrx_word' id='word_1_249' title='bbox 324 3507 432 3569; x_wconf 89' lang='lat' dir='ltr'><strong>corpus</strong></span> <span class='ocrx_word' id='word_1_250' title='bbox 449 3489 604 3568; x_wconf 88' lang='lat' dir='ltr'><strong>spoliatum</strong></span> <span class='ocrx_word' id='word_1_251' title='bbox 623 3490 732 3553; x_wconf 89' lang='lat' dir='ltr'><strong>lumine</strong></span> <span class='ocrx_word' id='word_1_252' title='bbox 749 3492 840 3551; x_wconf 90' lang='lat' dir='ltr'><strong>mavis</strong></span> 
     </span>
    </p>
   </div>
   <div class='ocr_carea' id='block_1_3' title="bbox 869 3589 935 3652">
    <p class='ocr_par' dir='ltr' id='par_1_35' title="bbox 869 3589 935 3652">
     <span class='ocr_line' id='line_1_40' title="bbox 869 3589 935 3652; baseline 0.015 -1"><span class='ocrx_word' id='word_1_253' title='bbox 869 3589 935 3652; x_wconf 81' lang='lat'><strong>23*</strong></span> 
     </span>
    </p>
   </div>
   <div class='ocr_carea' id='block_1_4' title="bbox 0 0 1271 4096">
    <p class='ocr_par' dir='ltr' id='par_1_36' title="bbox 0 0 1271 4096">
     <span class='ocr_line' id='line_1_41' title="bbox 0 0 1271 4096; baseline 0 0"><span class='ocrx_word' id='word_1_254' title='bbox 0 0 1271 4096; x_wconf 95' lang='lat' dir='ltr'><strong> </strong></span> 
     </span>
    </p>
   </div>
  </div>
 </body>
</html>
