2512 4096
94 268 101 287 '
191 269 231 334 98
530 279 671 328 vunnim
693 279 816 328 anunm
839 281 852 328 r

190 444 380 505 monstrarat,
404 443 491 513 caput
512 436 588 495 acris
610 452 691 513 equi:
718 437 761 496 sic
782 453 850 495 nam
873 435 935 494 tore
957 432 1034 494 bello

190 521 337 598 egregiam
356 525 386 580 et
407 516 522 579 facilem
543 519 619 578 victu
643 535 696 596 per
714 518 830 578 saecula
852 527 977 594 gentem.
1148 532 1198 582 sis

190 605 238 664 nic
259 601 400 681 templum
424 602 526 683 lunoni
548 601 651 680 ingens
673 601 790 663 Sidonia
812 602 884 662 Dido

190 687 349 757 condebat,
372 686 456 747 donis
477 683 649 764 opulentum
666 692 695 745 et
714 685 835 746 numine
857 685 953 755 divae,

189 789 275 832 aerea
297 772 344 832 cui
366 769 504 848 gradibus
521 767 682 845 surgebant
703 768 800 828 limina
824 786 974 847 nexaeque

189 874 257 916 aere
280 853 393 924 trahes,
416 852 527 914 loribus
550 851 639 912 cardo
660 852 801 912 stridebat
823 854 912 912 aenis.

129 956 132 961 ⁴
189 939 246 1000 hoc
266 939 394 1016 primurn
416 938 446 996 in
465 935 531 996 luco
553 952 629 995 nova
650 953 698 997 res
720 934 816 995 oblata
837 938 972 996 timorem
1150 945 1200 999 450

189 1021 284 1092 leniit,
306 1020 355 1082 hic
373 1021 501 1098 primum
520 1019 632 1102 deneas
653 1035 773 1097 sperare
795 1018 919 1080 salutem

190 1123 277 1167 ausus
297 1110 326 1166 et
344 1103 466 1165 addictis
486 1101 592 1163 melius
611 1102 760 1178 confidere
777 1103 876 1164 rebus.

191 1207 316 1268 namque
336 1187 391 1249 sub
414 1187 524 1264 inge'nti
542 1186 647 1247 lustrat
665 1185 735 1246 dum
756 1186 870 1262 singula
890 1185 998 1264 templo

190 1274 321 1349 reginam
343 1272 514 1349 opperiens,
538 1270 623 1339 duim,
645 1287 720 1348 quae
742 1269 860 1331 fortuna
881 1269 918 1330 sit
937 1270 1017 1341 urbi,

191 1356 392 1432 artificumque
413 1372 516 1415 manus
536 1355 648 1414 intrans
669 1371 851 1433 operumque
872 1352 1005 1414 laborem
1150 1364 1199 1416 455

190 1439 328 1507 miratur,
350 1438 428 1499 videt
445 1436 547 1500 lliacas
569 1456 605 1499 ex
626 1437 729 1498 ordine
749 1455 863 1517 pugnas

191 1521 325 1599 bellaque
346 1523 403 1582 iam
428 1522 503 1581 lama
525 1527 618 1582 totum
640 1520 752 1600 volgata
771 1540 826 1600 per
843 1520 965 1589 orbem,

192 1605 304 1666 htridas
320 1605 527 1680 Priamumque
550 1616 578 1665 et
596 1622 713 1666 saevom
735 1605 879 1666 ambobus
897 1603 1046 1666 Achillem.

192 1688 331 1756 constitit,
353 1697 382 1748 et
403 1686 559 1748 lacrimans
581 1690 661 1766 ‘quis
683 1689 740 1750 iam
761 1687 867 1759 locus,'
890 1689 1000 1767 inquit,
1029 1687 1169 1756 ‘Achate

191 1773 364 1850 quaeregio
386 1773 414 1831 in
436 1772 523 1831 terris
544 1773 637 1832 nostri
657 1790 716 1832 non
735 1771 819 1852 plena
842 1771 970 1833 laboris?
1148 1781 1200 1836 too

190 1873 227 1917 en
255 1855 397 1915 Priamus.
441 1862 510 1915 sunt
529 1854 578 1915 hic
599 1856 686 1916 etiam
706 1874 758 1917 sua
780 1857 909 1934 praemia
931 1855 1025 1924 laudi:

190 1947 257 1999 sunt
278 1936 414 1999 lacrimae
436 1956 536 1999 rerum
557 1947 586 1999 et
606 1943 734 2000 mentem
756 1938 888 2000 mortalia
903 1946 1034 2017 tangunt.

189 2023 269 2083 solve
290 2028 401 2091 metus;
425 2021 499 2083 leret
519 2023 593 2084 haec
614 2022 740 2101 aliquam
761 2021 813 2083 tibi
836 2023 912 2083 lama
934 2021 1081 2083 salutem’

189 2107 232 2166 sio
254 2107 307 2175 ait,
331 2112 417 2184 atque
436 2108 565 2167 animum
587 2108 704 2185 pictura
723 2107 815 2184 pascit
836 2107 915 2167 inani

189 2187 280 2250 multa
299 2208 434 2267 gemens,
457 2187 598 2269 largoque
616 2197 744 2250 umectat
757 2189 877 2251 flumine
891 2189 1009 2251 voltum.

189 2288 316 2350 namque
337 2272 466 2344 videbat,
489 2275 530 2334 uti
547 2273 691 2335 bellantes
708 2274 851 2353 Pergama
873 2275 984 2334 circum

189 2355 245 2415 hac
266 2357 401 2431 lugerent
422 2356 506 2425 Grai,
529 2363 679 2435 premeret
699 2357 824 2418 Troiana
844 2359 991 2425 inuentum

191 2438 246 2498 hac
266 2437 411 2517 Phryges,
435 2442 561 2500 instaret·
577 2459 667 2500 curru
690 2442 824 2501 cristatus
846 2439 980 2502 Achilles.

190 2538 245 2581 nec
265 2521 370 2600 procul
388 2521 457 2582 hinc
473 2522 563 2583 Rhesi
584 2524 675 2583 niveis
696 2525 820 2585 tentoria
840 2524 909 2585 velis

190 2605 342 2681 adgnoscit
360 2604 533 2674 lacrimans,
556 2608 652 2683 primo
673 2625 747 2687 quae
768 2608 882 2687 prodita
903 2625 1006 2667 somno

189 2687 314 2767 Tydides
336 2686 427 2749 multa
449 2688 578 2749 vastabat
599 2691 688 2752 caede
711 2699 865 2762 cruentus,

191 2772 377 2850 ardentisque
398 2772 501 2832 avertit
521 2790 612 2852 equos
628 2775 659 2835 in
680 2782 791 2844 castra,
813 2776 896 2852 prius
917 2793 1003 2853 quem

189 2853 296 2931 pabula
318 2862 482 2933 gustassent
501 2856 608 2917 Troiae
632 2856 837 2936 Xanthumque
861 2857 1012 2920 bibissent.

190 2939 301 2999 interea
324 2939 360 3000 ad
380 2939 522 3018 templum
544 2958 604 3000 non
626 2959 735 3020 aequae
754 2939 878 3001 Palladis
899 2941 979 3001 ibant

190 3022 322 3082 crinibus
345 3023 447 3084 Iliades
469 3024 561 3102 passis
580 3024 757 3103 peplumque
774 3025 922 3095 ferebant,

190 3105 359 3183 suppliciter
381 3107 478 3167 tristes
502 3115 531 3166 ct
552 3115 655 3169 tunsae
676 3116 795 3185 pectora
816 3109 932 3186 palmis:

193 3187 256 3248 diva
274 3187 336 3249 solo
355 3191 427 3249 flxos
448 3189 547 3251 oculos
569 3209 669 3251 aversa
691 3190 817 3251 tenebat.

191 3277 275 3349 parte
297 3272 350 3332 alia
374 3272 488 3349 lugiens
510 3274 622 3333 amissis
643 3272 759 3332 Troilus
780 3277 868 3334 armis

191 3353 289 3415 infelix
309 3372 383 3434 puer
406 3361 492 3432 atque
512 3357 597 3433 inpar
617 3371 792 3432 congressus
812 3355 931 3417 Achilli:

192 3437 285 3499 fertur
308 3439 389 3516 equis
410 3454 558 3517 curruque
578 3439 680 3500 haeret
701 3442 858 3520 resupinus
875 3442 969 3510 inani,

190 3520 251 3583 loa
273 3529 374 3583 tenens
391 3527 504 3590 tamen:
527 3523 596 3584 huic
618 3525 774 3605 cernique
796 3543 953 3594 comaeque
975 3524 1131 3583 trahuntur
