2512 4096
200 303 261 367 368
517 315 548 362 1³.
570 312 714 360 vunarnr
736 311 893 360 nunonis

200 479 229 531 et
250 486 449 548 quoscumque
471 476 578 529 norant
600 468 751 528 vernantia
771 474 908 545 tempora
931 466 1038 538 liores,

199 554 245 614 his
267 551 395 613 tumulus
417 569 506 629 super
527 553 678 612 inseritur.
705 558 768 610 tum
789 548 890 609 fronte
914 548 1040 612 locatur

200 635 342 713 elogium,
365 637 451 696 tacita
474 635 583 696 lormat
604 634 682 714 quod
698 632 795 694 littera
810 650 897 693 voce:

200 723 309 798 ‘parve
332 717 431 790 culex,
453 718 600 800 pecudum
622 724 720 777 custos
741 716 796 776 tibi
818 715 877 776 tale
900 719 1042 779 merenti

199 802 312 862 funeris
334 801 462 863 officium
484 804 559 862 vitae
580 819 636 880 pro
658 817 781 861 munere
802 799 928 862 reddit?

597 1057 806 1142 clitis,

241 1217 304 1279 Etsi
326 1236 374 1278 me
396 1219 476 1277 vario
498 1218 638 1278 iactatum
662 1217 758 1278 laudis
780 1232 882 1276 amore

200 1302 347 1381 lnritaque
371 1306 525 1379 expertum
547 1300 658 1361 lallacis
680 1300 811 1378 praemia
832 1296 915 1377 volgi

201 1385 362 1464 Cecropius
383 1402 487 1446 suaves
509 1385 647 1464 expirans
669 1382 803 1444 hortulus
825 1399 915 1442 auras

200 1467 334 1528 florentis
356 1467 442 1528 viridi
463 1467 584 1545 sophiae
606 1466 811 1546 complectitur
832 1463 952 1537 umbra,

200 1553 317 1630 iamque
339 1569 404 1611 mea
426 1553 540 1611 ratione
561 1551 743 1628 indignumst
763 1566 908 1628 quaerere
931 1566 1071 1622 carmen,
1203 1555 1214 1605 t

201 1632 288 1711 longe
310 1633 388 1694 aliud
410 1634 537 1694 studium
560 1641 646 1713 atque
669 1633 740 1694 alios
762 1650 836 1713 quae
857 1633 996 1693 accincta
1020 1632 1146 1696 labores

202 1717 287 1777 altius
308 1717 346 1777 ad
367 1719 467 1794 magni
488 1716 639 1777 subtendit
660 1718 756 1778 sidera
778 1715 881 1776 mundi
922 1748 926 1756 ·

200 1808 232 1860 et
252 1799 392 1880 placitum
414 1801 515 1879 paucis
537 1818 606 1861 ausa
629 1806 674 1860 est
696 1799 854 1860 ascendere
876 1798 1002 1860 collem:

202 1890 382 1944 nontamen
405 1883 542 1944 absistam
565 1891 700 1962 coeptum
724 1883 862 1944 detexere
883 1901 1004 1955 munus,

201 1969 232 2027 ln
255 1985 312 2047 quo
333 1968 398 2028 iure
420 1985 500 2027 meas
521 1968 633 2029 utinam
654 1969 841 2047 requiescere
862 1984 964 2027 musas
1035 2016 1042 2031 .
1191 1971 1214 2024 tt

205 2058 235 2111 et
255 2050 358 2111 leviter
380 2049 520 2111 blandum
543 2049 631 2112 liceat
652 2051 801 2130 deponere
822 2067 947 2111 morem.

200 2133 279 2213 quod
302 2136 328 2193 si
348 2134 504 2194 mirificum
527 2134 631 2195 saeclis
653 2135 791 2214 prolerre
811 2133 950 2204 valerem,

203 2218 359 2278 mirificum
382 2217 484 2277 mundi
506 2235 598 2296 genus
620 2237 708 2279 omne
731 2219 758 2299 (o
780 2216 857 2279 bella
878 2215 1009 2298 lihidol)‚

202 2302 227 2362 si
248 2318 297 2360 me
317 2301 376 2360 iam
398 2318 511 2361 summa
534 2302 682 2380 Sapientia
703 2309 846 2381 pangeret
867 2318 945 2371 arce,
1251 2350 1254 2355 .

202 2391 340 2463 quattuor
362 2386 489 2463 antiquis
511 2404 586 2463 quae
608 2384 768 2446 heredibus
790 2393 835 2447 ost
856 2383 923 2445 data
945 2401 1088 2458 consors,
1192 2391 1217 2442 lt

202 2467 280 2527 unde
302 2468 455 2528 hominum
478 2486 595 2529 errores
616 2469 705 2548 longe
725 2469 841 2548 lateque
862 2484 917 2547 per
938 2467 1052 2530 orbem

203 2549 355 2628 despicere
378 2558 465 2629 atque
486 2551 612 2612 humiles
632 2571 750 2631 possem
772 2558 965 2613 contemnere
988 2569 1097 2616 curas:

202 2650 263 2693 non
286 2651 339 2710 ego
362 2640 390 2693 te
412 2632 500 2694 talem
522 2652 682 2695 venerarer
702 2653 826 2696 munere
846 2633 907 2705 tali,

202 2734 262 2776 non
284 2715 418 2794 equidem
442 2719 583 2794 (quamvis
603 2717 752 2778 interdum
773 2717 877 2779 ludere
897 2716 986 2779 nohis

203 2807 233 2858 et
253 2797 393 2876 gracilem
416 2798 498 2858 molli
519 2799 606 2860 liceat
626 2802 701 2880 pede
723 2801 860 2862 claudere
881 2804 1025 2878 versum),
1189 2809 1216 2864 tt

202 2881 255 2942 sed
276 2899 384 2959 magno
405 2883 556 2952 intexens,
580 2885 605 2943 si
626 2883 671 2944 las
693 2892 738 2944 est
759 2885 872 2956 dicore,
894 2883 996 2964 peplo.

200 2964 295 3044 qualis
316 2965 489 3027 Erechtheis
510 2967 581 3028 olim
602 2975 737 3046 portatur
758 2969 887 3031 Athenis.

203 3047 300 3108 debita
323 3066 390 3109 cum
413 3057 509 3111 castae
531 3051 683 3113 solvuntur
703 3061 769 3113 vota
790 3054 938 3113 Minervae

202 3132 343 3210 tardaque
366 3133 500 3194 conlecto
523 3135 649 3195 redeunt
670 3137 869 3215 quinquennia
891 3133 998 3207 lustro,

202 3231 268 3273 cum
290 3213 362 3274 levis
383 3214 497 3276 alterno
519 3218 664 3296 zephyrus
685 3218 874 3279 concrehruit
894 3235 967 3277 euro
1190 3226 1218 3282 tl

200 3304 232 3355 et
253 3315 348 3374 prono
370 3300 521 3374 gravidum
542 3303 677 3378 provexit
697 3303 830 3380 pondere
852 3318 984 3365 currum.

202 3377 273 3438 felix
294 3379 344 3439 illa
367 3378 428 3440 dies
449 3382 520 3443 felix
542 3391 572 3442 et
592 3382 700 3445 dicitur
721 3403 823 3455 annus,

203 3460 303 3522 lelioes
325 3464 374 3541 qui
397 3463 484 3524 talem
508 3483 617 3525 annum
641 3467 741 3528 videre
762 3469 912 3548 diemque:

202 3563 274 3624 ergo
296 3545 441 3608 Palladiae
464 3554 603 3610 texuntur
623 3550 653 3610 in
677 3551 779 3613 ordine
800 3570 916 3632 pugnae
