2512 4096
160 274 222 338 ³16
497 285 834 336 vunomranuursxr

162 444 285 510 vidimus
305 448 430 523 ingentis
452 453 482 506 et
503 439 696 504 desolavimus
716 456 812 518 agros.

163 541 212 594 rut
231 532 257 592 sl
278 529 356 590 lama
376 537 482 599 moret,
505 529 531 588 sl
551 535 664 586 tautum
681 531 803 622 pectore
822 519 915 583 robur

163 614 292 692 concipis
314 621 343 673 et
365 613 390 672 sl
411 612 485 673 adeo
506 608 610 672 dotalis
631 610 713 686 regia
735 606 854 674 cordist,

162 698 238 761 aude
255 707 343 775 atque
363 695 518 757 adversum
538 694 632 755 fidens
652 694 697 754 ier
715 702 817 772 pectus
835 691 866 751 iu
884 689 1019 756 hostem.
1136 699 1174 753 itt

162 781 272 844 scilicet
292 788 324 841 nt
345 779 446 840 Turno
468 781 618 856 contingat
638 778 720 854 regia
738 777 874 846 coniunx,

161 883 217 927 nos
235 865 349 926 animae
370 861 449 933 viles,
469 863 620 923 inhumata
640 861 798 939 iulletaque
817 858 912 928 turba,

162 957 329 1011 sternamur
351 947 471 1025 campis.
503 947 590 1008 etiam
610 953 652 1014 tu,
675 946 759 1023 siqua
780 943 833 1004 tibi
853 944 906 1013 vis,

162 1031 294 1111 slpatrii
315 1029 386 1132 quld
407 1030 508 1091 llartis
528 1029 630 1099 habes,
652 1027 735 1089 illum
756 1029 855 1107 aspice
874 1033 992 1101 contra,

164 1122 329 1259 quqffi
347 1198 455 1258 exarsit
475 1196 560 1257 dictis
581 1195 715 1256 violentia
737 1195 839 1256 Turni.
1137 1117 1178 1176 m
1231 1160 1236 1171 ι

164 1283 213 1344 dat
232 1283 373 1359 gemitum
394 1281 563 1360 rumpitque
583 1280 637 1340 has
655 1281 716 1340 imo
737 1287 857 1357 pectore
876 1296 966 1341 voces

165 1366 263 1444 ‘larga
285 1364 413 1442 quidem,
436 1365 561 1434 Drance,
583 1380 700 1440 semper
721 1361 773 1423 tibi
796 1363 880 1440 copla
898 1362 982 1423 laudi

163 1458 235 1518 tum,
254 1466 322 1508 cum
345 1447 423 1509 bella
444 1465 548 1509 manus
570 1456 705 1527 poscunt,
726 1446 917 1526 patribusque
937 1449 1059 1509 vocatis

164 1534 277 1613 primus
297 1531 376 1592 ades.
410 1531 463 1593 sed
478 1550 538 1591 uou
553 1530 694 1609 replenda
714 1538 759 1591 est
779 1532 860 1590 curia
881 1529 993 1601 verbis,
1136 1536 1181 1590 tit

164 1634 239 1695 quae
261 1621 323 1674 tuto
345 1614 399 1675 tibi
419 1632 527 1692 magua
547 1615 653 1684 volant,
674 1614 745 1675 dum
767 1615 884 1674 distinet
903 1613 1026 1676 hostem

163 1716 254 1778 agger
270 1714 441 1758 moerorum
458 1715 514 1758 uec
534 1699 679 1758 inundant
700 1697 842 1774 sanguiue
861 1697 968 1757 fossae.

164 1782 290 1862 proinde
310 1789 381 1842 tona
403 1780 519 1862 eloquio
542 1779 670 1858 (solitum
690 1779 752 1860 tibi)
775 1799 881 1860 meque
900 1780 1020 1842 timoris

163 1863 986 2027 lregllcbrllbmnrtbbcllellbbnllbdlltpbtsrslbllquaeoetbboplaeis
1136 1954 1180 2008 ssi

164 2035 287 2110 insignis
308 2050 405 2111 agros.
438 2034 530 2111 possit
552 2032 622 2112 quid
643 2032 736 2092 vivida
756 2033 859 2101 virtus,

165 2119 317 2195 experiare
339 2116 420 2185 licet;
442 2133 497 2176 uec
520 2116 609 2195 longe
630 2114 741 2176 scilicet
760 2114 860 2175 hostes

164 2200 324 2297 quaerendi
345 2198 445 2260 uobis:
468 2201 659 2260 circumstant
678 2198 807 2276 undique
828 2213 1027 2258 muros..

164 2285 240 2344 imus
259 2284 291 2343 iu
312 2282 465 2343 adversos:
485 2282 556 2361 quld
578 2283 693 2343 cessas?
715 2299 753 2342 au
775 2282 828 2342 tibi
849 2281 964 2341 Mavors

166 2374 284 2427 ventosa
306 2367 336 2426 iu
355 2365 456 2443 lingua
474 2365 658 2446 pedibusque
675 2364 830 2441 fugacibus
847 2365 910 2427 istis
1132 2370 1181 2424 ³9⁰

164 2450 376 2526 compererit?

163 2531 266 2610 pulsus
285 2532 358 2608 egoi
377 2540 427 2592 aut
449 2532 604 2611 quisquam
624 2533 739 2601 merito,
759 2531 936 2600 foedissime,
951 2451 1083 2609 'pulsum

164 2621 276 2693 arguet,
298 2612 387 2674 lllaco
405 2614 551 2675 tumidum
574 2617 624 2692 qui
646 2632 782 2675 cresccre
803 2614 945 2694 Thybrim

163 2698 306 2774 sauguine
328 2703 358 2756 et
378 2696 509 2756 Euandri
531 2705 623 2758 totam
641 2716 710 2760 cum
732 2698 824 2775 stirpe
845 2697 954 2758 videbit

163 2779 357 2860 procubuisse
376 2779 496 2839 domum
518 2787 605 2859 atque
628 2789 731 2842 exutos
752 2781 881 2841 Arcadas
899 2782 1010 2842 armlsi
1125 2787 1178 2839 sod

164 2863 235 2924 baut
256 2865 295 2924 ita
317 2881 365 2924 me
388 2865 501 2940 experti
518 2863 608 2924 Bitias
631 2874 660 2926 et
681 2864 834 2927 Pandarus
856 2866 961 2943 ingens

164 2954 193 3008 et
214 2965 288 3027 quos
309 2945 389 3008 mille
411 2948 459 3008 dle
479 2948 572 3008 victor
592 2949 647 3011 sub
670 2949 794 3010 Tartara
814 2949 890 3018 misi,

162 3031 294 3092 lnclusus
315 3031 408 3092 muris
430 3031 589 3110 hostilique
612 3052 721 3113 aggere
741 3042 869 3112 saeptus.

164 3114 269 3175 “nulla
293 3113 372 3177 salus
394 3114 502 3177 bello.''
534 3118 622 3197 capiti
640 3136 713 3179 cane
734 3116 812 3187 talia,
832 3115 963 3185 demens,

162 3197 310 3258 Dardanio
333 3199 482 3278 rebusque
504 3202 571 3262 tuis.
607 3202 732 3279 proinde
754 3202 853 3261 omnia
874 3215 981 3276 magno
1096 3250 1099 3255 .
1127 3203 1176 3255 rot

163 3296 202 3340 ne
224 3299 306 3341 cessa
328 3282 450 3343 turbare
473 3291 554 3344 metu
575 3292 663 3359 atque
684 3281 824 3344 extollere
844 3285 923 3343 vires

162 3365 257 3439 gentis
277 3363 323 3424 bis
343 3366 446 3434 victae,
468 3375 571 3425 contra
591 3383 727 3443 premere
755 3383 837 3426 arum
858 3366 961 3426 Latini

161 3463 242 3507 nuuc
264 3453 293 3507 et
314 3446 531 3525 llprmldouum
552 3466 692 3527 proceres
722 3449 848 3528 Phrygia
869 3466 951 3511 uma
969 3455 1163 3516 transeunt

162 3545 241 3591 nuuc
262 3537 292 3591 et
308 3529 433 3608 Tydides
452 3536 482 3591 et
503 3530 658 3593 Larisaeus
675 3531 813 3600 Achilles,
1243 3474 1250 3753 ἰ

1229 3938 1232 3943 -
1245 3902 1254 3961 ἱ
