2512 4096
455 271 599 320 vnocrur
620 272 745 322 annuis
767 273 818 319 xrr
1073 249 1135 320 853

125 446 184 489 nen
202 428 296 488 'l'roas
317 427 383 486 fieri
406 425 507 486 iubeas
528 424 717 505 Teucrosque
737 427 837 486 vocari

125 519 175 572 aut
194 528 296 572 vocem
318 515 434 570 mutare
456 510 534 568 viros
556 516 605 569 aut
626 517 741 569 vertere
760 517 880 572 vestem.
1084 514 1135 566 stt

124 597 163 654 sit
180 593 306 663 Latium,
326 594 384 652 sint
403 591 507 652 Albani
527 609 581 670 per
601 591 717 652 saecula
734 608 831 668 reges,

124 677 162 736 sit
179 677 310 737 Romana
330 683 435 753 potens
455 674 527 735 ltala
548 675 654 735 virtute
675 692 822 757 propago:
905 666 918 687 “

126 759 241 830 occidit,
265 758 465 835 occideritque
486 759 564 817 sinas
587 776 654 818 cum
675 758 794 818 nomine
815 757 924 817 Troia?

93 882 98 889 -
124 841 174 903 olli
195 842 351 903 subridens
373 842 525 901 bominum
547 858 707 919 rerumque
728 849 866 919 repertor

124 939 173 987 ‘es
195 943 336 1004 germana
356 925 431 985 lovis
455 924 632 1002 Saturnique
649 923 739 984 altera
761 923 875 1002 proles:

123 1010 236 1069 irarum
257 1016 355 1069 tantos
376 1007 466 1068 volvis
484 1007 538 1068 sub
558 1015 680 1086 pectore
702 1007 817 1067 lluotus.

123 1110 227 1152 verum
249 1110 302 1170 age
324 1102 354 1152 et
374 1093 524 1170 inceptum
545 1091 654 1151 frustra
677 1092 826 1151 summitte
850 1089 982 1149 furorem

122 1177 154 1234 ni
175 1183 204 1234 te
224 1181 322 1235 tantus
345 1174 405 1234 edit
425 1175 543 1234 tacitam
562 1173 646 1234 dolor
669 1173 785 1234 etmihi
807 1189 896 1232 curae

122 1276 213 1336 saepe
233 1266 283 1318 tuo
308 1257 387 1318 dulci
407 1257 506 1317 tristes
525 1275 562 1317 ex
582 1274 634 1316 ore
650 1263 813 1324 recursem,

123 1341 161 1401 do
184 1340 334 1420 quodvis,
359 1349 388 1400 et
409 1358 457 1400 me
478 1341 630 1418 victusque
647 1338 807 1418 volensque
826 1340 954 1399 remitto.

122 1441 291 1484 sermonem
312 1424 433 1484 Ausonii
454 1425 580 1499 patrium
603 1440 759 1501 moresque
777 1421 927 1490 tenebunt,

123 1515 214 1585 utque
237 1517 281 1567 est
303 1524 412 1567 nomen
431 1507 501 1574 erit;
525 1507 673 1566 commixti
695 1522 820 1584 corpore
839 1513 950 1565 tantum

122 1589 275 1651 subsident
297 1590 413 1650 Teucri.
447 1606 561 1649 morem
582 1591 715 1667 ritusque
733 1606 885 1650 sacrorum

123 1673 247 1733 adiciam
269 1673 432 1751 faciamque
456 1673 550 1732 omnis
570 1690 630 1733 nno
653 1690 705 1732 ore
726 1672 852 1732 Latinos.
940 1732 947 1749 ‚

122 1757 193 1816 binc
212 1771 305 1833 genus
325 1757 454 1816 Ausonio
476 1756 599 1816 mixtum
617 1756 696 1834 quod
717 1756 858 1833 sanguine
879 1762 989 1832 surget,

121 1856 211 1917 supra
232 1840 375 1909 homiues,
398 1855 489 1916 snpra
510 1840 554 1900 ire
576 1838 647 1898 deos
668 1840 775 1917 pietate
796 1836 917 1907 videbis,

121 1939 178 1982 nec
200 1940 272 2000 gons
293 1921 352 1983 ulla
370 1928 436 1982 tuos
458 1939 552 1999 aeque
574 1920 736 1981 celebrabit
758 1917 906 1980 honores!

122 2004 225 2064 adnuit
243 2005 288 2064 bis
308 2005 382 2064 luno
404 2014 433 2064 et
452 2013 582 2063 mentem
602 2002 707 2063 laetata
727 2004 856 2062 retorsit.

122 2089 234 2147 interea
254 2086 368 2147 excedit
385 2086 466 2146 caelo
484 2085 653 2163 nubemque
671 2085 818 2163 relinquit.

78 2186 91 2203 ·
164 2170 215 2230 llis
233 2171 305 2229 actis
325 2168 402 2229 aliud
423 2170 539 2245 genitor
558 2186 660 2229 secum
682 2169 744 2246 ipse
762 2167 872 2227 volutat

121 2255 332 2332 Iuturnamque
353 2262 437 2329 parat
459 2251 557 2310 fratris
579 2251 725 2311 dimittere
742 2250 779 2310 ab
801 2250 899 2310 armis.

74 2389 77 2395 .
122 2337 259 2397 dicuntur
279 2335 412 2413 geminae
432 2343 529 2412 pestes
551 2326 725 2410 cognomine
738 2334 841 2410 Dirae,

122 2437 196 2498 quas
218 2427 247 2479 et
268 2419 440 2479 Tartaream
462 2416 526 2477 Nox
549 2419 723 2495 intempesta
743 2417 909 2494 Megaeram

121 2519 181 2562 uno
204 2501 367 2580 eodemque
389 2500 456 2561 tulit
473 2511 559 2578 partu
581 2501 761 2578 paribusque
783 2501 908 2560 revinxit

121 2593 292 2663 serpentum
314 2585 401 2662 spiris
422 2593 614 2662 ventosasque
635 2584 745 2644 addidit
766 2582 835 2643 alas.

121 2669 178 2729 bae
198 2669 273 2729 loris
292 2669 328 2729 ad
350 2667 455 2729 solium
474 2669 611 2746 saevique
635 2669 664 2729 in
683 2667 783 2727 limine
803 2668 883 2744 regie

121 2760 264 2831 apparent
286 2762 453 2830 acuuntque
474 2760 584 2812 metum
605 2750 777 2811 mortalibus
798 2750 902 2826 aegris,

122 2836 265 2913 siquando
287 2834 378 2895 letum
399 2835 571 2894 horrificum
593 2834 773 2911 morbosque
794 2833 880 2893 deum
904 2850 956 2893 rex

123 2916 242 2977 molitur
264 2919 384 2976 meritas
408 2924 459 2975 aut
479 2914 556 2976 bello
579 2918 694 2975 territat
713 2915 811 2975 urbes.

123 3003 229 3060 barum
249 3016 338 3060 unam
360 2997 487 3057 celerem
510 2998 626 3056 demisit
647 2996 683 3057 ab
706 2998 825 3056 aethere
845 3013 959 3059 summo

123 3083 253 3160 luppiter
276 3083 365 3160 inque
388 3098 475 3140 omen
499 3080 637 3140 luturnae
658 3097 813 3140 occurrere
833 3084 929 3143 iussit.

124 3166 172 3226 illa
191 3164 269 3226 volat
293 3165 439 3242 celerique
459 3164 496 3223 ad
518 3173 627 3224 terram
646 3163 763 3223 turbine
785 3164 888 3224 lertur.

124 3267 184 3309 non
205 3266 292 3309 secus
313 3266 348 3308 ac
370 3265 461 3308 nervo
482 3265 537 3326 per
558 3246 668 3306 nubem
690 3249 803 3323 inpulsa
825 3248 937 3324 sagitta,

124 3342 266 3392 armatam
290 3333 369 3391 saevi
390 3332 516 3391 Parthus
539 3347 626 3407 quam
645 3330 712 3390 lello
730 3332 843 3398 veneni,

124 3415 249 3476 Parthus
270 3416 331 3476 sive
352 3413 460 3492 Cydon,
483 3414 572 3474 telum
595 3413 807 3483 inmedicabile,
828 3416 921 3485 torsit,

124 3499 250 3559 stridens
273 3504 302 3558 et
321 3496 425 3558 celeris
445 3499 590 3576 incognita
612 3499 737 3558 transilit
758 3499 892 3558 umbras:

196 3612 329 3661 erraret,
349 3610 462 3647 vuueri..
885 3597 924 3656 23
