2512 4096
413 279 556 327 vescum
579 277 780 327 cuonarcou
802 279 828 326 11
1088 269 1130 330 49

124 433 192 496 inde
214 433 264 494 ubi
285 434 343 493 iarn
364 432 464 494 validis
485 432 635 510 amplexae
656 431 797 509 stirpibus
818 430 913 492 ulrum

124 518 261 585 exierint,
284 524 347 577 tum
368 518 477 592 stringe
499 533 611 584 comas,
634 521 695 575 tum
717 513 854 574 bracchia
876 515 965 577 tonde

126 602 202 680 (ante
225 617 258 658 re
259 598 416 659 formidant
437 598 568 679 l,errum)
590 605 652 659 turn
675 598 801 676 dentque
822 596 895 658 dura

125 701 230 744 exerce
253 683 375 760 imperia
396 689 426 742 et
446 699 544 743 ramos
565 699 718 759 compesce
740 679 865 741 liuentis.
1077 693 1130 748 370

166 766 322 827 Texendae
344 782 447 843 saepes
468 766 554 826 etiam
576 772 605 825 et
625 781 716 844 pecus
737 780 824 823 omne
846 764 1014 835 tenendum,

124 849 282 928 praecipue
304 848 374 909 dum
396 848 478 908 frons
498 854 599 909 tenera
620 847 840 926 inprudensque
861 844 1011 917 laborum;

121 935 206 1074 *qcui
222 952 312 1012 super
326 934 462 1012 indignas
473 931 584 992 hiemes
605 930 755 1009 solemque
776 936 925 1007 potentem

124 1019 148 1075 si
161 1021 270 1075 vestres
291 1016 338 1075 uri
359 1013 478 1075 adsidue
500 1033 680 1093 capreaeque
701 1031 841 1092 sequaces

83 1108 86 1113 “
124 1098 268 1165 inludunt,
292 1105 452 1175 pascuntur
474 1116 541 1159 oves
562 1098 719 1176 avidaeque
741 1094 906 1176 iuvencae]
1077 1107 1129 1164 375

125 1183 236 1258 iugora
257 1197 312 1240 uec
334 1187 446 1240 tantum
468 1199 539 1241 cana
561 1187 697 1242 concreta
717 1180 823 1258 pruina

126 1270 177 1324 aut
198 1265 294 1338 gravis
316 1263 488 1324 incumbens
509 1263 636 1342 scopulis
657 1262 808 1324 arentibus
830 1248 932 1331 aestas,

126 1353 267 1426 quantum
289 1344 329 1405 illi
351 1363 479 1407 nocuere
500 1364 604 1424 greges
625 1348 749 1425 durique
770 1363 915 1406 venenum

126 1430 221 1490 dentis
243 1437 272 1488 et
293 1429 331 1489 ad
352 1447 484 1490 morsum
505 1432 645 1506 signata
636 1449 666 1490 ιιι
688 1431 778 1507 stirpe
800 1428 927 1489 cicatrix.

116 1522 185 1572 non
205 1511 291 1572 aliam
314 1511 351 1572 ob
374 1513 489 1590 culpam
505 1512 621 1574 Baccho
641 1531 728 1591 caper
743 1511 877 1573 omnihus
899 1514 958 1572 aris
1077 1525 1131 1579 380

126 1595 257 1655 caeditur
279 1602 308 1655 et
329 1602 444 1656 veteres
464 1597 565 1675 ineunt
585 1597 756 1674 proscaenia
778 1594 846 1665 ludi,

125 1680 312 1756 praemiaque
335 1681 464 1759 ingeniis
491 1698 584 1760 pagos
614 1688 643 1741 et
664 1680 787 1757 compita
809 1681 920 1739 choum

125 1762 269 1822 Thesidae
290 1780 430 1840 posuere,
453 1771 539 1843 atque
560 1767 635 1825 inter
656 1763 760 1841 pocula
781 1761 848 1823 laeti

125 1844 261 1905 mollibus
283 1848 312 1905 in
334 1850 425 1924 pratis
447 1855 550 1909 unctos
571 1847 685 1909 saluere
707 1865 760 1924 per
779 1854 869 1906 utres.

125 1945 260 1989 necnon
282 1930 401 1991 Ausonii
421 1931 508 1992 Troia
529 1950 600 2009 gens
622 1932 709 1990 missa
731 1929 827 1990 coloni

125 2010 258 2072 versibus
280 2013 434 2091 incomptis
454 2014 558 2076 ludunt
577 2015 696 2091 risuque
718 2010 823 2089 soluto,

126 2111 236 2172 oraque
260 2096 417 2157 corticibus
438 2104 557 2158 sumunt
576 2095 724 2156 horrenda
747 2095 862 2162 cavatis

128 2184 156 2237 et
177 2183 220 2245 te,
245 2177 374 2248 Bacche,
396 2185 501 2239 vocant
520 2197 574 2256 per
596 2178 724 2238 carmina
746 2174 835 2243 laeta,
858 2175 967 2254 tibique

128 2257 227 2319 oscilla
251 2277 286 2317 ex
308 2260 364 2319 alta
386 2261 568 2336 suspendunt
588 2259 685 2318 mollia
707 2258 787 2334 pinu

127 2342 197 2401 hinc
219 2343 313 2400 omnis
332 2341 415 2419 largo
434 2342 568 2419 pubescit
587 2344 669 2402 vinea
692 2339 760 2410 letu,
1080 2352 1132 2407 suo

129 2422 312 2500 complentur
333 2425 480 2505 vallesque
501 2443 587 2488 cavae
608 2424 756 2503 saltusque
776 2441 831 2502 pro
833 2423 913 2484 lundi

129 2514 158 2567 et
180 2525 364 2586 quocumque
387 2509 459 2570 deus
481 2510 591 2571 circum
613 2515 701 2587 caput
722 2508 780 2585 egit
800 2508 992 2571 honestum.

129 2609 200 2668 ergo
221 2591 276 2651 rite
297 2609 383 2655 suurn
404 2593 520 2654 Baccho
542 2593 672 2654 dicemus
692 2591 835 2652 honorem

128 2674 306 2735 carminibus
326 2676 441 2753 patriis,
463 2676 619 2754 lancesque
641 2680 670 2737 et
690 2674 748 2735 liba
771 2674 907 2745 leremus,

128 2764 158 2817 et
179 2757 283 2819 ductus
305 2776 398 2820 cornu
419 2759 507 2820 stabit
526 2777 611 2821 sacer
630 2760 729 2820 hircus
751 2758 788 2818 ad
810 2775 900 2828 mam,
1079 2765 1131 2822 395

127 2842 303 2920 pinguiaque
324 2843 354 2901 in
374 2843 492 2904 veribus
512 2842 690 2904 torrebimus
712 2847 776 2903 exta
799 2839 935 2902 coluruis.

173 2923 224 2982 Est
246 2925 329 2984 etiam
353 2923 400 2985 ille
421 2925 505 2985 labor
527 2926 662 2987 curandis
683 2923 788 2984 vitibus
810 2923 891 2993 alter,

129 3008 177 3066 cui
199 3024 358 3084 numquam
381 3008 512 3068 exhausti
533 3011 602 3069 satis
624 3016 687 3068 est:
723 3025 848 3084 namque
871 3022 957 3067 omne
979 3007 1132 3084 quotannis

129 3099 233 3167 terque
256 3096 416 3167 quaterque
437 3089 531 3150 solum
552 3089 744 3151 scindendum
766 3088 925 3166 glaebaque
945 3089 1038 3149 versis

128 3179 281 3232 aeternum
303 3173 462 3250 frangenda
483 3173 663 3244 bidentibus,
686 3190 772 3233 omne
793 3170 946 3233 levandum
1081 3180 1133 3234 too

129 3254 233 3316 honde
255 3272 367 3316 nemus.
402 3257 478 3317 redit
499 3256 632 3355 agricolis
653 3255 737 3317 labor
758 3263 840 3317 actus
861 3257 891 3315 iu
912 3253 1023 3324 orbem,

129 3346 217 3432 atque
238 3338 267 3396 in
289 3357 321 3399 se
342 3358 393 3400 sua
414 3357 468 3418 per
487 3341 605 3419 vestigia
626 3338 748 3400 volvitur
768 3357 871 3401 annus

130 3437 165 3480 ac
187 3421 244 3479 iam
266 3419 349 3492 olim,
371 3440 451 3483 seras
472 3425 569 3502 posuit
591 3441 658 3484 cum
678 3424 762 3483 vinea
783 3421 912 3492 frondes,

129 3501 253 3580 frigidus
272 3509 304 3564 et
324 3504 401 3564 silvis
422 3506 519 3582 aquilo
540 3506 667 3566 decussit
686 3506 838 3575 honorem,

198 3603 963 3666 x1usrrcx,vxunu..·4
