2512 4096
467 274 606 323 usnemu
628 274 752 325 assum
767 276 790 322 x
1072 265 1134 329 285

127 439 157 491 te
173 447 290 508 quoque
311 430 516 506 magnanimae
532 429 676 502 viderunt,
697 429 816 499 lsmare,
840 440 941 509 gentes

126 511 246 594 volnera
267 512 401 590 derigere
420 519 449 574 et
470 512 597 575 calamos
616 530 734 575 armare
752 531 876 584 veneno,
1086 523 1136 575 ist

93 654 95 658 ,
126 595 258 658 blasonia
279 612 422 674 generosa
442 595 540 668 domo,
562 595 614 658 ubi
634 598 755 675 pinguia
777 596 855 658 culta

125 679 930 844 :nttlddmillltliidtltlnn

125 863 234 925 aggere
255 864 425 908 moerorum
442 845 597 909 sublimem
610 846 704 924 gioria
725 846 809 918 tollit,

125 938 155 991 et
175 929 283 1010 Capys:
302 929 373 993 hino
389 948 498 992 nomen
519 931 683 1009 Campanae
704 931 820 994 ducitur
841 931 918 993 urbi.
1088 939 1136 991 ub

166 1013 212 1075 Illi
233 1015 310 1076 inter
329 1033 393 1077 sese
415 1015 480 1078 duri
502 1016 660 1077 aeramina
681 1013 752 1077 belli

126 1095 328 1159 contulerant:
350 1097 445 1160 media
465 1099 577 1161 deneas
599 1098 673 1161 treta
695 1104 782 1160 nocte
802 1098 928 1160 secabat.

125 1197 253 1259 namque
275 1188 308 1241 ut
329 1181 365 1243 ab
388 1181 526 1244 Euandro
548 1184 652 1244 castris
670 1184 820 1259 ingressus
842 1181 973 1244 Etruscis

125 1280 227 1342 regem
246 1264 305 1325 adit
327 1272 356 1326 et
375 1266 438 1342 regi
460 1273 605 1328 memorat
626 1283 793 1346 nomenque
816 1283 980 1345 genusque,

126 1347 234 1425 quidve
249 1356 330 1428 petat
350 1348 456 1428 quidve
477 1349 541 1427 ipse
561 1350 646 1420 ferat,
666 1350 825 1411 Mezentius
844 1367 925 1410 arma
1085 1355 1135 1408 100

126 1449 202 1510 quae
225 1429 281 1492 sibi
303 1431 447 1502 conciliet,
468 1430 652 1510 violentaque
672 1441 792 1511 pectora
811 1431 904 1494 Turni

126 1515 238 1585 edocet,
261 1515 397 1576 humanis
419 1531 495 1595 quae
516 1517 553 1576 sit
573 1516 679 1579 liducia
698 1516 788 1579 rebus

125 1597 264 1660 admonet
284 1600 478 1677 inmiscetquo
498 1616 620 1678 preces:
640 1601 711 1662 haut
731 1601 764 1661 lit
783 1618 876 1671 mora,
899 1599 1034 1663 Tarchon

124 1682 218 1761 iungit
239 1699 310 1760 opes
331 1682 494 1762 foedusque
514 1682 600 1752 lenita
621 1692 685 1745 tum
706 1682 800 1745 iibora
819 1683 870 1746 lati
1068 1675 1074 1687 “

126 1765 249 1827 classem
271 1767 441 1828 conscendit
462 1768 549 1829 iussis
566 1785 639 1846 gens
659 1766 749 1847 Lydia
771 1766 877 1836 divom,
1084 1776 1134 1827 100

124 1856 246 1911 externo
267 1851 421 1912 commissa
443 1851 520 1913 duci.
557 1853 665 1913 Aeneia
687 1852 795 1929 puppis

123 1935 219 2012 prima
238 1940 329 2004 tenet,
351 1943 449 1994 rostro
470 1933 613 2014 Phrygios
636 1932 791 1994 subiuncta
812 1931 922 2006 leones,

123 2017 256 2076 imminet
275 2015 327 2077 Ida
344 2033 443 2094 super,
466 2015 600 2094 profugis
623 2017 787 2094 gratissima
807 2016 939 2076 Teucris.

123 2097 173 2159 bic
193 2113 318 2174 magnus
339 2098 422 2159 sedet
441 2099 555 2159 deneas
577 2116 736 2177 secumque
757 2097 867 2160 volutat
933 2148 942 2166 .

124 2188 246 2242 eventus
264 2179 336 2242 belli
356 2181 461 2251 varios,
483 2179 638 2259 Pallasque
659 2182 777 2242 sinistro
1084 2189 1134 2242 100

124 2263 236 2327 adfixus
255 2262 340 2326 lateri
361 2265 420 2324 iam
442 2265 556 2342 quaerit
576 2265 681 2335 sidem,
704 2281 813 2342 opacae

123 2349 218 2412 nocua
239 2350 303 2418 iter,
324 2350 383 2409 iam
408 2365 484 2426 quae
505 2365 610 2426 passus
627 2356 767 2427 terraque
788 2349 930 2427 marique.

166 2431 286 2494 Pandite
303 2448 383 2494 nuno
404 2431 552 2501 Helicona,
578 2432 658 2503 deae,
681 2440 843 2512 cautusque
863 2439 987 2503 movete,

124 2533 200 2598 quae
222 2533 327 2577 manus
347 2517 459 2578 interea
483 2515 588 2577 Tuscis
609 2518 764 2577 comitetur
786 2515 823 2577 ab
846 2517 907 2576 oris

124 2602 243 2663 Aenean
261 2608 413 2680 armetque
431 2606 512 2662 rates
524 2599 695 2680 pelagoque
711 2600 843 2662 vehatur.
1083 2607 1133 2661 100

164 2684 304 2746 Massicus
323 2691 421 2746 aerata
439 2685 579 2763 princeps
597 2692 678 2746 secat
696 2701 825 2764 aequora
843 2684 927 2761 tigri:

124 2768 179 2831 sub
202 2786 261 2847 quo
283 2768 362 2830 mille
386 2786 491 2830 manus
513 2769 661 2838 iuvenum,
684 2769 734 2847 qui
755 2767 871 2829 moenia
889 2766 967 2830 Clusi

124 2853 233 2932 quique
254 2851 358 2913 urbem
378 2851 492 2931 liquere
516 2851 614 2920 Cosas,
635 2851 700 2930 quis
720 2851 778 2912 tela
799 2851 921 2928 sagittae

125 2936 278 3013 gorytique
297 2933 375 2995 leves
393 2936 504 2994 umeris
526 2945 556 2996 et
576 2933 672 2996 lotifer
694 2952 791 2995 moras.

125 3034 184 3078 una
204 3023 303 3077 torvos
324 3015 417 3078 Abas:
439 3017 508 3077 huic
529 3024 623 3078 totum
644 3017 808 3093 insignibus
827 3018 915 3078 armis
1083 3023 1134 3075 170

124 3117 231 3177 agmen
253 3108 283 3162 et
303 3107 406 3162 aurato
429 3098 559 3178 fulgebat
577 3098 711 3179 Apolline
728 3101 845 3180 puppis.

124 3190 274 3246 sescentos
295 3182 338 3244 illi
358 3183 480 3246 dederat
499 3183 661 3264 Populonia
682 3191 776 3246 mater

125 3274 263 3347 expertos
283 3266 352 3329 balli
373 3269 500 3341 iuvenes,
521 3276 566 3329 ast
582 3267 642 3330 ilva
661 3276 808 3333 trecentos

124 3350 219 3414 insula
236 3351 415 3413 inexhaustis
426 3351 597 3434 ,Chalybum
619 3369 763 3430 generosa
781 3353 914 3416 metallis.

124 3436 228 3497 lortius
248 3434 297 3496 ille
318 3435 469 3498 homiuum
491 3438 646 3517 divomque
667 3440 814 3519 interpres
835 3437 937 3510 Asilas,
1086 3441 1135 3494 1⁷⁵

126 3519 172 3581 cui
194 3519 341 3597 pecudum
362 3518 463 3591 fibrae,
488 3521 559 3584 caeli
581 3525 628 3584 cui
649 3524 745 3585 sidera
763 3532 867 3604 parent
