2512 4096
339 290 372 339 0.
393 289 537 338 vannum
557 288 712 338 maeones
733 286 921 336 sanmuro.
1063 264 1131 338 x1'11

126 450 236 510 Furius
250 443 412 507 Bibaculus
424 447 515 521 (natus
529 463 553 504 a.
571 445 648 509 666,
664 453 786 502 mortuus
800 462 856 502 non
871 453 934 502 aute
949 445 967 502 7
970 444 1035 518 36),
1055 461 1131 520 prae·

124 541 198 590 terea
211 531 345 589 tricenarii
360 532 417 588 iere
440 535 533 591 Varro
547 530 688 587 Atacinus
703 528 792 603 (natus
807 545 831 585 a.
849 527 925 601 672,
941 527 964 598 †
979 536 1043 603 post
1058 529 1131 603 707)

125 624 153 673 et
166 615 200 673 L.
225 612 331 674 Verius
344 615 444 688 Rufus
458 615 546 689 (natus
562 630 585 670 a.
604 612 674 675 672,
688 611 712 682 †
725 621 789 687 post
804 611 890 686 737).
905 628 988 686 aquo
1004 614 1132 671 memoria

122 700 242 773 separari
258 715 313 756 non
327 707 420 773 potest
435 699 555 774 quamvis
570 698 658 753 miuus
673 697 760 753 clarus
775 697 886 754 Plotius
904 697 1013 753 Tucca.
1042 713 1131 772 neque

123 784 276 852 Quintilius
299 784 408 854 Verus,
431 782 527 839 Catulli
546 781 660 843 sodalis.
681 778 713 835 ab
735 779 832 836 horum
851 786 938 836 aetate
958 778 1073 837 multum
1088 780 1131 837 ab·

122 866 208 923 luisse
227 866 377 940 putandus,
399 867 530 942 siquidem
550 881 620 920 anuo
637 863 698 922 730
718 880 773 920 nou
792 871 960 938 praematura
979 858 1067 921 morte
1086 863 1120 921 de
1199 867 1201 870 ⁴

122 951 235 1007 iunctus
250 957 301 1006 est.
333 967 386 1024 qno
402 951 537 1024 aliquante
553 949 643 1004 iunior
656 947 709 1003 luit
722 948 839 1005 Asinius
851 948 944 1005 Pollio
959 945 1048 1018 (uatus
1061 948 1130 1011 678,

122 1030 146 1103 †
169 1032 256 1104 757),
279 1031 376 1090 Cinnae
397 1036 495 1091 amicus
516 1040 543 1089 et
563 1039 703 1105 patronus.
740 1039 808 1105 quot
827 1047 911 1087 annos
932 1038 989 1087 tum
1010 1030 1131 1089 habuerit

123 1118 264 1176 Domitius
282 1117 402 1175 Marsus
421 1119 554 1179 uescitur,
575 1115 624 1172 sed
643 1115 709 1170 visit
728 1113 799 1171 ultra
819 1123 933 1172 mortem
948 1113 1060 1180 Tibulli,
1084 1117 1130 1189 qui

123 1199 204 1275 paule
225 1209 289 1274 post
308 1200 453 1274 Vergilium
474 1200 598 1258 decessit.
637 1198 715 1272 plane
735 1193 852 1272 aequalis
872 1199 960 1255 nostri
985 1197 1037 1254 luit
1063 1200 1131 1257 Cor·

125 1286 219 1340 nelius
239 1283 341 1341 Gallus
360 1281 571 1356 (nee-728),
597 1281 678 1356 paule
704 1281 820 1339 lortasse
840 1283 929 1338 mmor
947 1289 1014 1336 natu
1037 1281 1130 1341 Aemi-

125 1369 184 1424 lius
198 1366 303 1423 Macer
331 1365 364 1437 (†
380 1365 465 1439 738),
481 1382 549 1440 puer
563 1367 706 1423 Horatius
720 1363 811 1438 (uatus
827 1363 914 1435 689),
935 1364 1073 1422 iniantiam
1087 1369 1130 1423 vir

124 1459 312 1524 transgressus
330 1451 459 1508 Tibullus
479 1449 567 1522 (uatus
587 1451 660 1505 inter
679 1465 763 1505 anuos
775 1448 845 1520 Ι695
861 1455 888 1505 et
903 1446 989 1520 700),
1009 1449 1131 1507 noudum

123 1534 180 1590 nali
194 1533 366 1605 Propertius
380 1532 419 1606 (n.
432 1535 503 1590 circa
518 1531 589 1605 703)
604 1540 632 1588 et
649 1531 764 1590 Ovidius
777 1526 816 1604 (n.
834 1531 915 1605 711).
943 1548 973 1589 00
986 1533 1130 1608 populares

124 1617 213 1673 nostrl
237 1626 335 1692 poetae
353 1619 427 1674 inter
451 1618 502 1674 hos
527 1616 638 1672 luerunt
662 1614 759 1672 Furius
779 1614 919 1673 Bibaculus
941 1622 968 1672 et
984 1615 1129 1684 Quintilius
1208 1660 1212 1667 .

125 1700 210 1765 Varus
226 1699 435 1765 Cremonenses,
455 1701 583 1757 Aemilius
598 1699 685 1756 Macer
699 1700 869 1764 Veronensis.
886 1698 1024 1757 Cornelius
1039 1701 1130 1757 Gallus

127 1783 330 1842 Foroiulieusls.
361 1802 475 1860 quorum
491 1801 571 1858 quem
585 1792 721 1858 postremo
736 1783 797 1841 loce
813 1786 960 1848 nominavi.
977 1786 1000 1840 si
1015 1793 1088 1841 recte
1102 1787 1129 1842 iu

125 1867 206 1925 Probi
220 1868 421 1944 prolegomenis
436 1886 464 1943 pa
481 1869 508 1933 6,
526 1870 541 1925 l
558 1866 591 1924 K.
608 1867 840 1942 ‘condiscipulus'
854 1867 965 1941 Vergilii
980 1867 1063 1924 luisse
1077 1876 1119 1924 tra

125 1952 213 2016 ditur,
236 1952 352 2009 fortasse
367 1954 418 2009 iam
433 1952 580 2010 Cremonae
595 1952 638 2008 vel
651 1951 794 2008 llediolaui
814 1950 959 2025 puerilium
979 1951 1130 2007 studiorum

122 2037 263 2093 consertio
274 2037 358 2093 iuncti
374 2036 494 2097 luerunt.
522 2036 686 2104 Quintilium
706 2037 813 2092 Verum
825 2033 933 2090 Servius
949 2033 981 2088 06
998 2032 1079 2089 ccl.V
1091 2033 1132 2092 20

123 2121 203 2175 etiam
218 2127 363 2194 cognatum
375 2120 487 2194 Vergilii
502 2119 581 2181 dictu
598 2117 671 2191 qued
686 2119 790 2172 etiamsi
805 2133 838 2172 ex
853 2115 955 2171 Horatii
970 2115 1075 2172 carml
1090 2116 1130 2174 24

125 2201 218 2259 lictum
232 2195 307 2274 sit¹),
322 2211 395 2258 certe
411 2204 529 2276 equitem
543 2199 692 2255 Romanum
705 2200 778 2254 iuter
792 2199 925 2255 litteratos
941 2197 1015 2256 urbis
1030 2200 1130 2258 clarum

123 2293 334 2341 consentaneum
361 2294 403 2340 est
428 2283 606 2339 adulescentis
632 2296 692 2336 cum
716 2296 760 2336 res
781 2283 917 2338 mrirersas
941 2289 999 2340 tum
1024 2288 1130 2358 poetica

124 2367 215 2423 studia
238 2374 266 2424 et
291 2367 405 2424 consilio
432 2373 459 2422 et
484 2363 655 2422 conciliandis
677 2364 789 2421 alierum
815 2366 935 2422 amicitiis
965 2383 1130 2444 magnopere

124 2450 266 2507 adiuvisse.
305 2466 356 2507 nec
380 2448 473 2506 dubito
497 2450 562 2523 quin
582 2447 774 2521 elegantissimi
798 2457 830 2521 et,
849 2451 1016 2524 integerrimi
1039 2453 1129 2508 iudicii

127 2534 262 2599 familiari,
283 2535 359 2591 culus
379 2534 451 2591 inter
465 2534 578 2590 virtutes
599 2533 771 2606 ‘incorrupta
789 2531 856 2589 fides
874 2534 999 2608 nudaque
1013 2536 1128 2592 veritas'

123 2619 244 2693 insignes
270 2626 346 2676 erant
367 2616 442 2690 (Hor.
459 2616 483 2682 l,
499 2614 544 2688 1.),
572 2615 706 2689 Vergilius
727 2619 828 2689 pariter
848 2625 879 2672 ut
899 2617 1026 2674 Horatius
1043 2618 1089 2691 (cl.
1107 2636 1131 2677 0.

123 2718 152 2777 p.
178 2701 240 2760 438
260 2699 334 2776 sqq.)
360 2701 490 2775 quidquid
516 2701 660 2773 scripserat
685 2703 830 2757 carminum
858 2703 1013 2775 priusquam
1041 2701 1130 2758 ederet

122 2779 314 2858 recitaverit2).
334 2786 483 2843 Aemilium
498 2799 607 2858 quoque
619 2782 753 2840 Moerum
763 2785 877 2841 amicum
892 2785 948 2840 eius
963 2784 1050 2840 luisse
1064 2787 1130 2842 satis

125 2862 274 2941 constat⁸)‚
291 2884 449 2943 quamquam
460 2867 505 2924 ubi
521 2867 694 2940 cognoverit,
710 2866 844 2925 Romaene
859 2884 892 2922 au
906 2869 934 2924 in
945 2867 1027 2924 Gallia
1042 2877 1129 2925 traus-

123 2952 241 3028 padana,
261 2954 404 3010 nescimus.
441 2957 468 3006 at
488 2967 503 3005 a
523 2949 596 3005 Furii
609 2948 727 3006 bibaculi
743 2950 937 3008 cousuetudine
958 2951 1130 3010 abhorruisse

193 3147 214 3213 ¹)
233 3147 278 3201 Gi.
295 3150 386 3200 Acron
404 3146 440 3198 ad
458 3149 524 3200 Her.
544 3147 563 3198 l.
582 3146 600 3196 l.
617 3162 643 3200 v.
663 3149 677 3196 1
696 3149 812 3212 ‘quidem
835 3155 918 3198 eutem
934 3150 1043 3211 [latrem
1065 3151 1129 3202 Ver·

122 3216 258 3282 pittinara
275 3218 360 3268 volunt
376 3219 453 3266 esse.’

191 3281 213 3348 ²)
232 3281 276 3334 cf.
295 3285 328 3335 L.
348 3282 485 3333 Schwebii
503 3284 621 3347 quaesit.
641 3279 741 3331 Catuli.
754 3283 803 3333 289
816 3295 875 3347 sqq.
899 3283 956 3332 ‘irie
978 3289 1035 3332 erat
1053 3282 1128 3344 0000-

123 3350 192 3400 titius
206 3349 292 3401 Varus
304 3351 491 3414 Cremonensis,
510 3352 602 3400 amicus
617 3347 737 3412 Vergilii,
756 3363 832 3413 eques
848 3349 989 3400 Romanus'
1007 3350 1062 3399 Por
1080 3350 1128 3416 hy·

123 3416 185 3498 rien
202 3414 322 3498 aennon.
341 3434 366 3470 a.
384 3433 411 3482 p.
428 3419 487 3468 438.
512 3416 661 3494 ‘Quintilius
679 3415 852 3467 Cremonensis
873 3416 982 3480 Vergilii
997 3423 1022 3466 et
1038 3366 1128 3470 ffera-

121 3489 154 3536 m
166 3483 308 3616 [wilm
319 3487 446 3618 guolnaagtblbb
456 3481 877 3616 bbrsbbbb’lbollbbbngcbblblblagen)
890 3550 982 3600 ‘altrea
994 3554 1046 3612 est,
1066 3540 1129 3595 iir-
