2512 4096
116 261 159 326 92
455 273 599 322 vnnann
623 274 750 324 nnnsrs
773 277 786 329 1

117 436 272 511 postquam
295 435 430 509 exempta
452 430 544 490 fames
567 428 661 508 epulis
683 447 861 510 mensaeque
882 439 1030 497 remotas.

118 514 240 574 amissos
262 512 350 591 longo
371 514 467 574 socios
489 530 626 574 sermone
649 515 805 591 requirunt

118 614 260 676 spemque
281 603 452 676 metumque
473 598 550 657 inter
570 595 666 666 dubii,
689 614 742 658 seu
758 599 855 658 vivere
874 599 996 660 credant

118 681 179 740 sive
201 687 331 741 extrema
349 683 409 758 pati
431 698 487 742 nec
509 681 568 741 iam
586 680 726 742 exaudire
749 687 876 741 vocatos.

117 765 276 844 praecipue
297 765 363 843 pius
383 765 497 826 Aeneas
518 781 598 825 nunc
619 764 695 824 acris
716 763 835 834 Oronti,

117 864 198 908 nunc
218 847 318 926 Amyci
337 865 436 909 casum
457 849 547 926 gemit
569 854 598 908 et
618 846 748 908 crudelia
769 865 869 909 secum

119 929 176 991 lata
200 931 269 1011 Lyci
285 931 450 1011 fortemque
473 932 554 1011 Gyan
578 930 743 1010 fortemque
768 931 951 994 Cloanthum.

160 1014 275 1075 Etiam
297 1016 363 1075 linis
385 1024 466 1086 erat,
490 1033 558 1076 cum
580 1015 711 1095 luppiter
731 1015 850 1076 aethere
871 1035 987 1079 summo

119 1097 275 1177 dispiciens
294 1116 376 1160 maro
398 1097 551 1161 velivolum
574 1106 728 1178 terrasque
748 1100 869 1160 iacentis

119 1181 263 1260 'litoraque
287 1190 315 1244 et
334 1182 409 1243 latos
432 1183 570 1262 populos,
593 1184 636 1243 sic
656 1183 764 1244 vertice
786 1181 858 1244 caeli

119 1267 246 1326 constitit
267 1275 296 1328 et
317 1267 425 1346 Libyae
444 1267 543 1328 defixit
563 1266 674 1327 lumina
693 1268 803 1344 regnis.

119 1355 206 1426 atque
226 1348 307 1410 illum
329 1349 394 1411 talis
415 1353 571 1412 iactantem
589 1359 710 1427 pectore
732 1368 818 1411 curas

118 1431 231 1491 tristior
251 1439 279 1493 et
294 1433 421 1495 lacrimis
443 1433 544 1495 oculos
563 1434 673 1494 suffusa
694 1435 813 1494 nitentis

119 1513 287 1592 adloquitur
308 1516 419 1578 Venus:
440 1527 472 1577 ‘o
495 1519 544 1596 qui
565 1534 614 1578 res
633 1518 843 1596 hominumque
862 1517 1009 1597 deumqua

119 1599 247 1658 aeternis
268 1601 347 1677 regis
368 1601 499 1678 imperiis
521 1607 550 1661 et
570 1599 692 1661 lulmine
714 1608 822 1672 terres,
924 1649 926 1652 >

119 1681 189 1759 quid
209 1699 295 1743 meus
317 1684 432 1743 Aeneas
453 1686 484 1744 in
503 1690 532 1745 te
555 1686 737 1746 committere
756 1691 883 1754 tantum,

58 1826 62 1834 ,
120 1765 190 1843 quid
207 1765 302 1827 Troes
323 1772 462 1845 potuere,
483 1766 589 1846 quibus
611 1775 653 1829 tot
675 1767 778 1829 lunera
795 1770 889 1846 passis

120 1857 242 1911 cunctus
264 1851 301 1911 ob
324 1849 436 1917 ltaliam
454 1857 602 1912 terrarum
622 1851 766 1913 clauditur
788 1851 913 1933 orbis‘i,

120 1941 201 1995 certe
222 1933 292 1995 hino
313 1934 461 1995 Romanos
479 1934 548 1996 olim
565 1934 747 1996 volventibus
770 1936 867 2004 annis,

115 2014 188 2078 binc
209 2017 275 2079 lore
297 2018 433 2079 ductores
454 2026 591 2080 revocato
613 2039 630 2080 a
652 2019 794 2096 sanguine
815 2017 937 2088 Teucri.

120 2101 170 2179 qui
190 2120 291 2172 mare,
312 2102 361 2182 qui
382 2109 477 2164 terras
500 2105 580 2164 omni
601 2104 717 2165 dicione
737 2109 889 2171 tenerent,

119 2182 289 2260 pollicitu's:
311 2204 387 2265 quae
409 2195 454 2256 to,
478 2189 608 2267 genitor,
630 2187 774 2248 sententia
796 2188 900 2248 vortit?
959 2229 961 2234 ,

119 2266 177 2326 hoc
197 2268 332 2346 equidem
353 2288 491 2332 occasum
513 2271 619 2332 Troiae
641 2272 789 2351 tristisque
810 2273 911 2333 ruinas

68 2416 71 2425 ¹
119 2349 237 2425 solabar
257 2351 322 2413 latis
345 2355 491 2415 contraria
512 2353 570 2415 lata
589 2356 771 2433 rependens;

43 2451 47 2458 ·
119 2451 200 2494 nunc
221 2434 324 2496 eadem
346 2435 464 2498 fortuna
486 2438 564 2497 viros
586 2444 629 2497 tot
649 2438 765 2499 casibus
786 2447 867 2501 actos

119 2517 292 2596 insequitur.
333 2537 421 2598 quem
443 2521 495 2580 das
516 2521 620 2590 finem,
641 2538 695 2580 rex
713 2538 835 2599 magno,
856 2520 1009 2584 laborum?

120 2601 250 2665 Antenor
270 2604 365 2681 potuit
386 2604 489 2664 mediis
510 2603 626 2683 elapsus
641 2603 757 2664 Achivis

120 2683 250 2765 Illyricos
272 2693 428 2765 penetrare
451 2687 532 2747 sinus
553 2693 640 2765 atque
657 2688 768 2750 intuma
790 2697 869 2750 tutus

120 2786 212 2846 regna
232 2769 433 2831 Liburnorum
454 2771 612 2832 otiantem
634 2788 775 2849 superare
797 2772 928 2841 Timavi,

120 2852 199 2913 undo
220 2871 273 2931 per
295 2872 347 2914 ora
368 2873 475 2916 novem
493 2861 573 2916 vasto
596 2872 664 2915 cum
685 2874 837 2918 murmure
859 2857 966 2916 montis

119 2937 142 2996 it
163 2953 246 2998 mare
266 2945 444 3018 proruptum
463 2949 493 3001 et
513 2936 617 3018 pelago
640 2942 747 3017 premit
768 2959 836 3001 arva
858 2940 980 3000 sonanti.

121 3019 170 3079 hio
191 3026 288 3081 tamon
308 3020 357 3083 illo
373 3023 480 3085 urbem
496 3023 595 3084 Patavi
617 3023 760 3104 sedesque
782 3024 887 3084 locavit

121 3102 321 3175 Teucrorum,
344 3112 373 3167 et
393 3108 473 3184 genti
495 3125 603 3169 nomen
624 3108 704 3168 dedit
721 3125 861 3186 armaque
884 3107 945 3167 llxit

121 3185 226 3256 Troia,
249 3205 329 3250 nune
350 3189 463 3268 placida
486 3197 655 3268 compostus
673 3209 746 3269 pace
766 3191 903 3268 quiescit:

122 3287 190 3340 nos,
214 3277 263 3332 tua
284 3275 455 3351 progenies,
478 3272 551 3334 caeli
570 3274 677 3352 quibus
699 3273 803 3334 adnuis
824 3289 940 3340 arcem,

122 3353 244 3416 navibus
264 3355 448 3436 (infanduml)
476 3357 588 3417 amissis
608 3356 695 3416 unius
714 3355 752 3416 ob
772 3356 847 3415 iram

122 3439 274 3516 prodimur
292 3447 379 3520 atque
401 3439 479 3500 ltalis
501 3439 588 3516 longe
610 3439 802 3516 disiungimur
823 3441 892 3501 oris.

55 3541 63 3560 ··
118 3523 170 3586 hic
190 3525 306 3604 pietatis
328 3525 440 3586 honos?
461 3524 504 3586 sic
525 3540 579 3584 nos
600 3524 631 3585 in
650 3532 766 3603 sceptra
788 3525 925 3605 reponisl
