2512 4096
177 249 238 313 230
494 258 637 306 vsnarm
658 258 783 306 snunss
806 258 854 304 vu

178 415 288 476 insidiis
310 432 457 492 cursuque
480 414 556 473 ieras
578 411 704 490 agitabat
725 410 814 488 iulos,

178 499 224 559 hic
247 497 371 558 subitam
395 496 517 557 canibus
539 495 652 557 rabiem
674 495 790 574 Cocytia
814 495 894 571 virgo

178 581 267 641 obicit
288 588 317 641 et
338 587 408 639 noto
429 581 509 640 naris
530 579 672 655 contingit
688 578 788 646 odore,
950 620 956 633 .

179 673 211 724 ut
232 681 350 724 cervom
372 663 508 724 ardentes
530 668 665 740 agerent;
686 679 762 740 quae
782 662 876 738 prima
897 658 1031 719 laborum

178 764 265 808 causa
286 746 340 808 luit
361 745 496 825 belloque
517 747 630 807 animos
649 744 783 806 accendit
804 744 936 820 agrestis.

178 848 281 890 cervos
301 838 363 890 erat
385 830 480 891 torma
501 829 660 906 praestanti
681 835 711 889 et
731 826 870 889 cornibus
889 827 1001 903 ingens,

178 911 339 992 Tyrrhidae
356 914 441 992 pueri
462 930 550 992 quem
570 912 672 971 matris
694 910 731 972 ab
747 910 840 972 ubere
860 918 977 988 raptum

177 995 328 1057 nutribant
347 994 539 1074 Tyrrhusque
559 1004 653 1073 pater,
677 995 724 1055 oui
744 994 826 1071 regia
847 1002 950 1070 parent

179 1087 310 1140 armenta
333 1087 363 1139 et
383 1078 440 1139 late
461 1077 592 1140 custodia
613 1077 723 1138 credita
746 1077 850 1154 campi.

179 1161 333 1224 adsuetum
352 1163 484 1239 imperiis
505 1177 590 1221 soror
616 1162 695 1221 omni
714 1160 800 1221 Silvia
820 1177 890 1220 cura

178 1245 316 1306 mollibus
335 1247 468 1306 intexens
489 1243 613 1305 ornabat
633 1260 745 1304 eornm
766 1245 853 1304 sertis

179 1328 373 1408 pectebatque
390 1328 486 1389 lerum
504 1345 639 1407 puroque
660 1328 691 1388 in
712 1328 793 1388 fonte
812 1325 933 1386 lavabat.

179 1409 235 1482 ille,
258 1429 377 1473 manum
395 1414 509 1488 pah'ens
531 1429 708 1490 mensaeque
729 1411 866 1471 adsuetus
888 1407 960 1478 erlli,

180 1493 298 1554 errabat
315 1495 392 1554 silvis
416 1512 579 1575 rursusque
601 1494 638 1556 ad
658 1493 759 1555 limina
781 1499 849 1554 nota

179 1579 242 1654 ipse
264 1577 385 1638 domum
406 1594 471 1638 sera
494 1581 625 1654 quamvis
646 1595 679 1640 se
696 1585 785 1638 nocte
802 1575 924 1638 serebat.

180 1660 259 1721 hunc
280 1660 384 1738 procul
407 1670 554 1721 errantem
573 1661 695 1722 rabidae
715 1661 848 1722 venantis
865 1657 919 1719 luli

180 1760 365 1805 commorere
384 1760 480 1813 canes,
503 1743 589 1804 fluvio
611 1762 678 1805 cum
697 1745 773 1805 forte
795 1742 924 1805 secundo

180 1826 322 1887 detineret
344 1829 465 1905 ripaque
486 1834 584 1888 aestus
600 1828 742 1888 viridante
763 1827 880 1888 levaret.

180 1911 243 1986 ipse
265 1912 361 1981 etlam,
384 1911 507 1971 eximiae
525 1909 620 1972 laudis
640 1929 800 1973 succensus
816 1926 925 1977 amore,

179 1993 319 2054 Ascanius
341 2011 430 2054 curvo
453 1995 566 2055 derexit
587 1993 699 2074 spicula
722 2012 829 2064 cornu;
896 1996 901 2008 '

180 2093 234 2137 nec
256 2076 376 2138 dextrae
396 2078 505 2139 erranti
527 2078 600 2139 deus
622 2079 703 2150 aluit
726 2084 848 2156 actaque
869 2073 961 2135 multo

179 2176 291 2236 perque
311 2167 427 2221 uterum
450 2163 547 2222 sonitu
568 2179 681 2240 perque
701 2161 750 2222 ilia
770 2162 847 2222 venit
865 2157 1010 2220 harundo.

180 2245 295 2303 saucius
317 2252 344 2302 at
366 2244 534 2323 quadrupes
553 2253 623 2306 nota
644 2246 720 2307 intra
742 2252 818 2306 tecta
839 2242 948 2319 refugit

179 2327 378 2404 successitque
399 2343 520 2404 gemens
539 2327 661 2389 stabulis
682 2336 846 2407 quemuque
867 2332 1006 2386 cruentus

180 2415 266 2485 atque
287 2408 455 2485 imploranti
476 2411 578 2473 similis
600 2419 710 2473 tectum
733 2429 821 2473 omne
841 2407 982 2488 replebat.

181 2490 267 2551 Silvia
288 2493 382 2570 prima
404 2510 499 2564 soror,
522 2495 627 2574 palmis
646 2512 788 2574 percussa
807 2494 942 2559 lacertos,

179 2573 317 2634 auxilium
338 2584 421 2636 vocat
444 2583 474 2638 et
497 2577 586 2638 duros
609 2578 771 2638 conclamat
793 2579 923 2654 agrestis.

181 2656 230 2718 elli
256 2658 357 2736 (pestis
375 2661 453 2721 enim
475 2663 568 2721 tacitis
589 2660 658 2722 latet
679 2678 783 2738 aspera
804 2660 890 2737 silvis)

179 2742 318 2819 inprovisi
338 2744 453 2813 adsunt,
475 2743 526 2804 hic
541 2752 623 2818 torre
644 2752 774 2804 amatus
792 2743 906 2809 obsisto.
943 2797 945 2801 .

180 2824 284 2903 stipitis
304 2826 352 2885 hie
370 2825 481 2903 gravidi
502 2826 602 2888 nodis:
624 2827 704 2907 quod
723 2829 830 2905 cuique
848 2834 1001 2905 repertum

180 2907 306 2978 rimanti,
327 2908 418 2970 telum
439 2910 482 2970 ira
503 2911 579 2971 lacit.
612 2918 694 2972 vocat
712 2911 828 2989 agmina
844 2910 985 2990 Tyrrhus,

181 2990 372 3067 quadrifidam
390 3008 533 3069 quercum
555 2996 655 3056 cuneis
674 3003 708 3056 ut
724 2995 802 3058 iorte
823 2997 931 3057 coactis

182 3074 339 3144 scindebat,
361 3082 444 3152 rapta
465 3079 579 3155 spirans
599 3078 732 3139 immane
748 3081 854 3140 securi.

184 3166 210 3217 at
229 3174 313 3217 saeva
333 3177 349 3218 e
372 3158 500 3235 speculis
520 3170 635 3240 tempus
657 3161 712 3223 dea
732 3168 839 3222 nancta
861 3161 984 3222 nocendi

178 3238 272 3325 indua
291 3248 366 3302 tecta
389 3243 462 3318 petit
483 3243 591 3304 stabuli
612 3243 697 3305 etde
719 3243 846 3303 otdndne
864 3260 978 3304 summo

182 3323 326 3465 qastorale
346 3327 424 3385 osuit
445 3327 562 3402 signum
582 3343 734 3402 cornuque
751 3343 876 3386 recurvo
995 3354 997 3359 ·

206 3417 350 3468 artaream
372 3407 495 3468 intendit
514 3425 625 3478 vocem,
647 3425 704 3486 qua
724 3408 859 3486 protinus
881 3428 969 3470 omne

181 3492 356 3551 contremuit
372 3507 477 3551 nemus
499 3498 528 3552 et
548 3491 636 3552 silvae
655 3492 812 3551 insonuere
834 3491 1012 3570 profundam
