2512 4096
118 262 158 322 44
418 267 561 315 vnnarm
584 265 786 315 ononoroorv
807 266 836 313 11

160 424 246 485 Nunc
268 423 351 484 locus
374 439 513 482 arvorum
534 421 674 497 ingeniis,
698 438 772 499 quae
794 418 908 480 robora
934 423 1060 504 cuique.

119 510 183 585 quis
206 506 302 575 color,
327 513 356 566 et
378 524 453 584 quae
475 506 512 564 sit
533 502 623 564 rebus
645 510 750 564 natura
772 503 915 565 ferendis.

119 589 250 650 difficiles
271 591 398 669 primum
420 596 517 648 terrae
540 586 687 666 collesque
709 585 837 665 maligni,

118 673 214 733 tenvis
234 672 285 733 ubi
306 671 407 749 argilla
431 679 459 732 et
481 671 610 731 dumosis
632 669 762 731 calculus
783 672 870 739 arvis,

119 755 246 817 Palladia
269 756 397 834 gaudent
418 754 488 815 silva
509 755 615 814 vivacis
637 753 737 815 olivae.

118 840 253 900 indiciost
274 846 369 900 tractu
391 854 516 915 surgens
538 836 662 897 oleaster
684 837 787 898 eodem

119 923 263 1000 plurimus
285 930 314 983 ot
335 924 418 982 strati
439 921 520 982 bacis
542 920 723 981 silvestribus
744 921 817 996 agri.

119 1014 149 1065 at
170 1023 245 1084 quae
267 1007 382 1085 pinguis
404 1005 512 1065 humus
533 1003 670 1082 dulcique
690 1003 800 1081 uligine
820 1001 908 1074 laeta,

123 1090 229 1168 quique
251 1088 390 1167 frequens
409 1087 512 1148 ‚herbis
534 1095 563 1147 et
584 1086 686 1147 fertilis
708 1086 801 1148 ubere
823 1104 950 1166 campus

121 1172 245 1251 (qualem
268 1189 355 1250 saepe
377 1190 447 1233 cava
468 1172 575 1231 montis
597 1169 726 1231 convalle
748 1169 877 1231 solemus

121 1257 278 1334 dispicere:
301 1256 359 1316 boc
380 1256 501 1315 summis
522 1254 651 1314 licuntur
673 1253 797 1332 rupibus
818 1271 924 1315 amnes

120 1338 291 1419 felicemque
313 1340 434 1399 trabunt
454 1338 565 1416 limum)
589 1339 697 1416 quique
719 1337 813 1399 editus
835 1344 939 1399 austro

121 1429 150 1482 ct
170 1422 276 1483 filicem
299 1425 395 1482 curvis
417 1423 538 1483 invisam
560 1423 652 1498 pascit
674 1423 795 1482 aratris:

122 1505 168 1564 hic
191 1504 241 1565 tibi
263 1504 442 1583 praevalidas
465 1505 534 1565 olim
555 1503 706 1582 multoque
726 1496 844 1565 liuentis

119 1587 244 1648 sufficiet
269 1588 381 1648 baccho
403 1590 482 1658 vitis,
504 1588 553 1648 hic
575 1587 676 1648 lertilis
697 1607 779 1657 uvae,

120 1671 167 1732 hic
189 1671 297 1740 laticis,
321 1669 435 1748 qualem
458 1673 566 1748 pateris
586 1671 713 1731 libamus
734 1679 763 1732 ct
784 1689 867 1740 auro,

120 1753 229 1815 inflavit
251 1772 319 1814 cum
339 1755 457 1831 pinguis
480 1753 554 1814 ebur
576 1754 746 1833 Tyrrhenus
768 1755 804 1814 ad
827 1772 903 1824 aras,
1000 1754 1003 1759 ’

120 1837 253 1898 lancibus
275 1843 303 1898 et
324 1837 427 1915 pandis
450 1836 588 1897 iumautia
609 1838 761 1899 reddimus
783 1844 857 1898 orta.

120 1922 165 1981 sin
187 1927 318 1982 armenta
340 1922 432 1999 magis
454 1921 582 1981 studium
603 1920 766 1999 vitulosque
787 1921 864 1981 tueri

120 2012 170 2065 aut
192 2007 289 2066 ovium
311 2003 403 2065 letum
425 2013 475 2065 aut
496 2006 609 2065 urentis
632 2002 708 2064 culta
731 2004 866 2081 capellas,

121 2089 212 2148 saltus
234 2095 262 2150 et
283 2090 374 2149 saturi
396 2090 485 2167 potito
507 2087 666 2165 longinqua
688 2087 816 2156 Tarenti,

121 2177 149 2230 et
171 2170 286 2248 qualem
308 2171 407 2232 infelix
429 2174 525 2233 amisit
543 2171 661 2231 Mantua
683 2188 820 2248 campum

120 2261 286 2330 pascentem
308 2257 408 2315 niveos
429 2255 557 2315 herboso
579 2253 699 2314 flumine
721 2271 842 2332 cycnos:

120 2352 180 2394 non
199 2335 301 2414 liquidi
321 2337 460 2413 gregibus
480 2339 590 2406 fontes,
612 2354 671 2396 nou
687 2339 819 2414 gramina
834 2337 959 2408 derunt;

121 2425 150 2479 et
171 2426 311 2496 quantum
332 2419 426 2496 longis
448 2426 570 2499 carpent
590 2427 721 2480 armenta
743 2419 855 2489 diebus,

121 2502 226 2576 exigua
248 2507 360 2560 tantum
382 2501 496 2577 gelidus
517 2520 568 2561 ros
589 2510 675 2563 nocte
697 2510 829 2581 reponet.

121 2585 205 2661 nigra
227 2583 288 2644 iere
312 2591 340 2644 et
361 2602 462 2661 presso
485 2587 600 2662 pinguis
621 2586 676 2646 sub
698 2605 817 2648 vomere
837 2594 928 2655 terra,

121 2674 149 2728 et
171 2669 240 2745 quoi
261 2674 348 2745 putre
368 2667 462 2727 solum
485 2668 618 2747 (namque
641 2671 698 2729 hoc
719 2672 866 2731 imitamur
886 2673 1022 2754 arando),

122 2753 230 2828 optima
252 2751 420 2810 frumentis:
443 2751 585 2811 nonullo
608 2771 643 2813 ex
665 2772 793 2830 aequore
815 2769 919 2813 cernes

120 2833 205 2909 plura
228 2833 348 2894 domum
369 2834 459 2893 tardis
480 2835 623 2895 decedere
645 2835 774 2912 plaustra
796 2836 933 2897 iuvencis.

121 2924 171 2975 aut
192 2917 270 2977 unde
291 2918 382 2977 iratus
404 2917 504 2977 silvam
526 2919 640 2979 devexit
660 2928 758 2980 arator

122 3005 151 3058 et
172 3018 293 3060 nemora
316 3002 418 3061 evertit
438 3001 545 3062 multos
567 3005 669 3078 ignava
690 3021 744 3080 per
766 3021 868 3072 annos,

122 3084 312 3162 antiquasque
334 3085 436 3144 domos
457 3088 553 3146 avium
575 3104 643 3146 oum
664 3086 802 3165 stirpibus
824 3086 889 3147 imis

122 3167 212 3226 eruit:
235 3166 299 3229 illae
321 3166 412 3228 altum
432 3169 508 3228 nidis
529 3170 640 3247 petiere
661 3169 778 3240 relictis,

122 3255 151 3308 at
171 3249 252 3309 rudis
275 3251 377 3310 enituit
398 3251 513 3329 inpulso
535 3271 653 3313 vomere
675 3271 804 3331 campus.

121 3348 188 3390 nam
210 3333 305 3393 ieiuna
328 3335 445 3411 quidem
468 3333 565 3396 clivosi
586 3334 685 3412 glarea
706 3339 785 3397 ruris

121 3414 168 3474 vix
189 3414 305 3475 humilis
327 3417 431 3493 apibus
453 3420 545 3478 casias
566 3438 724 3498 roremque
744 3421 903 3486 ministrat;

121 3504 151 3558 et
170 3497 248 3558 tofus
269 3498 372 3560 scaber
395 3508 423 3562 et
445 3504 535 3580 nigris
558 3521 643 3564 exesa
666 3501 809 3582 chelydris

1084 2769 1132 2823 ro
1156 2791 1158 2795 ,
