2512 4096
567 300 690 349 ouunx.
1069 285 1130 348 363
1169 377 1175 387 ’

124 454 270 518 Cerberus
293 462 322 515 et
343 454 414 515 diris
435 454 572 515 latrantia
594 453 716 514 rictibus
738 471 799 525 ora,
1079 460 1131 511 22⁰

123 537 267 617 anguibus
287 538 358 598 hinc
379 545 465 618 atque
486 537 557 597 binc
578 537 702 598 horrent
724 538 771 596 cui
793 535 867 596 colla
888 536 1005 597 reflexis

123 622 374 700 sanguineumque
395 623 506 681 micant
527 619 664 681 ardorem
686 619 804 681 luminis
826 617 923 680 orbes.

122 705 197 774 beu,
221 704 290 783 quid
312 704 348 764 ab
371 703 468 764 oliicio
491 703 621 781 digressa
643 712 688 763 est
709 704 816 780 gratia,
841 721 906 764 cum
928 710 958 761 te

123 789 237 848 restitui
258 788 373 866 superis
387 786 446 847 leti
466 788 524 847 iarn
545 785 647 846 limine
668 784 704 846 ab
726 786 808 865 ipsol

121 871 253 950 praemia
275 877 344 931 sunt
364 870 481 948 pietatis
501 868 567 944 ubi,
588 869 705 948 pietatis
726 868 873 930 bonores?

122 956 154 1014 in
175 971 264 1015 ranas
286 951 386 1014 abiere
408 954 486 1012 vices
508 959 537 1012 et
558 969 629 1013 rnre
651 953 772 1013 recessit

122 1037 233 1097 iustitia
254 1043 285 1097 et
304 1038 388 1116 prior
408 1034 459 1096 illa
480 1035 563 1096 lides.
586 1037 723 1096 instantia
745 1035 802 1094 rici

123 1119 260 1190 alterius,
282 1120 346 1180 sine
368 1126 504 1199 respectu
525 1137 591 1179 mea
613 1118 669 1179 iata
692 1117 863 1196 relinquens

124 1202 161 1262 ad
182 1202 291 1280 pariles
312 1219 385 1280 agor
407 1208 541 1263 eventus:
564 1202 597 1261 lit
617 1219 711 1282 poena
734 1202 872 1267 merenti.

123 1286 279 1364 poena-sit
299 1286 434 1345 exitium:
456 1284 544 1346 modo
566 1285 604 1344 sit
625 1285 694 1345 dum
717 1291 799 1363 grata
821 1282 963 1354 voluntas,

124 1369 228 1429 existat
248 1385 303 1448 par
325 1367 463 1429 officium.
485 1366 567 1427 ieror
588 1369 649 1428 aria
671 1383 804 1446 carpens,

124 1453 187 1511 avia
210 1452 383 1513 Cimmerios
403 1451 482 1512 inter
504 1450 638 1511 distantia
661 1450 751 1521 lucos,

124 1553 211 1613 quem
234 1536 312 1595 circa
335 1536 433 1595 tristes
455 1533 616 1594 densentur
636 1535 667 1596 in
689 1533 773 1594 obvia
793 1550 916 1612 poenae.

123 1636 192 1678 nam
214 1618 327 1678 vinctus
347 1617 431 1678 sedet
450 1618 584 1678 inmanis.
598 1616 783 1696 serpentibus
805 1615 883 1686 Otos,

124 1701 291 1762 devinctum
314 1707 443 1762 maestus
463 1699 568 1781 procul
589 1700 735 1780 aspiciens
756 1698 919 1781 Ephialten,

124 1785 221 1846 conati
243 1784 391 1864 quondam
413 1802 480 1845 curn
502 1785 561 1844 sint
581 1784 750 1845 rescindere
772 1783 929 1851 mundum:

75 1900 78 1904 ι
124 1875 153 1930 et
174 1869 287 1946 Tityos,
309 1867 434 1938 Latona,
457 1874 525 1928 tuae
545 1885 660 1928 memor
682 1868 785 1928 anxius
805 1868 867 1925 irae

123 1950 327 2031 (implacabilis
343 1954 386 2013 ira
405 1950 500 2028 nimis)
523 1951 599 2009 iacet
621 1949 697 2009 alitis
719 1965 795 2008 esca.

124 2043 254 2102 terreor,
278 2051 310 2103 a,
332 2034 420 2092 tantis
440 2033 591 2102 insistere,
615 2040 742 2101 terreor,
765 2029 892 2091 umbrisi

125 2116 161 2177 ad
183 2116 297 2194 Stygias
318 2122 471 2175 revocatus
492 2132 581 2194 aquas
602 2115 649 2174 vix
671 2112 790 2174 dumus
812 2113 891 2173 amni

125 2205 204 2261 extat
226 2208 378 2260 nectareas
400 2197 496 2257 divom
519 2198 569 2276 qui
590 2196 721 2275 prodidit
741 2213 832 2266 escas,

123 2283 251 2362 gutturis
273 2282 368 2342 arenti
389 2279 538 2340 revolutus
558 2280 657 2340 inania
680 2296 777 2340 sensu.

124 2365 208 2446 qnid,
231 2382 333 2425 saxum
354 2361 458 2444 procul
479 2362 601 2423 adverso
623 2365 674 2442 qui
694 2370 795 2423 monte
815 2360 946 2430 revolvit,

125 2449 335 2527 contempsisse
356 2446 441 2507 labor
462 2464 550 2526 quem
572 2447 692 2507 numina
714 2447 803 2506 vincit
824 2444 948 2506 acerbat

124 2533 184 2594 otia
206 2537 381 2611 quaerentes
402 2528 513 2591 frustra
535 2529 633 2590 cribro
654 2531 709 2600 ite,
731 2528 855 2609 puellae,

123 2618 179 2685 ite,
203 2613 309 2694 quibus
330 2613 430 2674 taedas
451 2613 617 2674 accendens
638 2614 730 2675 tristis
750 2614 856 2693 Erinys

123 2701 199 2761 sicut
219 2698 333 2777 llymen
356 2697 420 2776 (pro
442 2696 525 2778 latai)
549 2696 630 2758 dedit
651 2696 776 2758 conubia
797 2698 911 2757 mortis:
953 2734 959 2741 -

124 2790 211 2862 atque
233 2781 305 2842 alias
326 2779 382 2841 alio
405 2780 510 2841 densas
532 2799 640 2860 supero
662 2781 778 2859 agmine
800 2787 921 2851 turmas,

122 2867 274 2944 impietate
288 2865 353 2925 iera
370 2862 526 2923 vecordem
548 2862 687 2924 Colchida
708 2869 842 2933 matrem,

124 2947 210 3007 anxia
232 2943 364 3006 sollicitis
385 2944 575 3005 meditantem
597 2942 717 3004 volnera
738 2947 829 3011 natis;

87 3100 91 3107 1
124 3031 183 3089 iam
204 3027 380 3088 Pandionias
401 3026 582 3088 miserandas
602 3024 687 3104 prole
708 3025 830 3104 puellas,

124 3116 247 3191 quarum
269 3127 325 3170 vox
345 3111 409 3190 ltyn
432 3109 493 3169 edit
512 3109 591 3188 nyn,
614 3126 672 3186 quo
693 3109 841 3170 Bistonius
861 3126 915 3170 rex

125 3194 215 3256 orbus
237 3211 328 3274 epops
349 3201 462 3255 maeret
482 3191 609 3253 volucris
630 3199 747 3255 enectus
768 3194 800 3252 in
821 3210 917 3254 auras.

125 3285 155 3338 at
175 3276 375 3339 discordantes
397 3276 524 3339 Cadmeo
546 3275 659 3337 semine
680 3275 786 3337 iratres

123 3362 181 3421 iam
203 3359 366 3422 truculenta
388 3360 488 3421 lerunt
507 3359 670 3439 infestaque
692 3358 801 3421 lumina
825 3376 931 3438 corpus

124 3443 198 3505 alter
219 3445 250 3504 in
272 3443 407 3513 alterius;
429 3445 547 3522 iamque
568 3450 718 3505 aversatur
739 3450 872 3523 uterque,

123 3527 212 3608 impia
227 3530 359 3606 germani
388 3538 483 3592 manat
503 3526 581 3606 quod
603 3529 745 3606 sanguine
767 3527 879 3589 dextra,
