2512 4096
397 298 540 348 venerut
560 298 685 349 Aurium
706 300 742 348 VI

56 457 133 518 site
153 453 233 515 nulla
253 462 350 516 movet
370 460 469 516 tantae
488 453 606 532 pietatis
627 453 739 531 imago,
826 412 833 428 ι
919 429 926 440 ’
967 422 973 435 ⁸
1022 463 1073 517 loe

57 546 87 599 at
104 555 220 599 ramum
244 535 338 600 bunc'
356 537 462 616 (aperit
478 551 610 606 rismum,⁴
631 537 681 614 qni
699 542 782 598 reste
802 535 921 617 latebat)

54 619 260 698 ‘adgnosces'
303 622 413 684 tumide
436 621 622 682 orinatum
644 617 734 679 corda
753 617 901 690 residunt,
956 643 960 652 ·

58 722 114 766 nec
134 702 220 782 plura
241 704 305 766 bis:
327 703 376 765 ille
398 703 545 765 admiram
565 700 733 763 venerabile
752 702 864 764 donum

58 787 152 849 fatalis
171 787 284 866 virgae,
305 785 395 866 longo
409 793 478 866 post
493 792 627 864 tempore
646 786 756 856 visino,

57 869 223 932 caeruleam
245 869 368 931 advertit
388 869 511 949 puppim
531 870 673 948 ripaeque
692 870 880 948 propinquat.

56 953 124 1018 inde
142 952 213 1014 alias
234 954 360 1025 animas,
383 970 458 1030 qnae
478 971 534 1032 per
554 954 622 1030 iuga
643 952 731 1031 longa
746 952 902 1023 sedebant,

56 1035 195 1098 deturbat
216 1035 352 1117 laxatque
372 1036 469 1106 toros:
492 1035 579 1097 simul
599 1037 706 1114 accipit
726 1035 809 1098 alveo

56 1121 205 1197 ingentem
226 1120 354 1181 Aenean.
398 1119 509 1198 gemuit
529 1118 584 1179 sub
604 1120 736 1197 pondere
755 1118 862 1180 cumba

57 1201 151 1264 sutilis
172 1208 201 1261 et
221 1201 344 1263 multam
365 1204 478 1281 accepit
497 1203 607 1264 rimosa
625 1201 772 1280 paludem.

56 1285 176 1346 undem
198 1283 418 1346 transfluvium
435 1284 589 1346 incolumis
607 1293 764 1365 vatemque
784 1287 939 1364 virumque

55 1368 175 1430 informi
196 1367 266 1428 limo
287 1366 450 1447 glaucaque
469 1369 589 1446 exponit
611 1369 640 1429 in
659 1367 735 1429 ulva.

54 1491 56 1499 ι
100 1449 248 1513 Cerberus
268 1451 343 1513 baec
363 1453 468 1529 ingens
489 1451 597 1512 latratu
616 1467 709 1528 regna
729 1451 847 1513 trifauci

56 1543 211 1615 personat,
232 1534 356 1598 adverso
377 1533 524 1596 recubans
545 1535 679 1595 immanis
699 1536 730 1596 in
750 1542 846 1597 anuo.

57 1619 105 1680 cui
125 1624 220 1689 vates,
243 1618 368 1681 horrere
390 1620 490 1680 ridens
506 1620 565 1679 iam
587 1617 660 1679 oolla
681 1618 826 1690 colubris,

56 1701 143 1764 mello
161 1710 329 1781 soporatam
350 1709 381 1764 et
400 1703 552 1765 medicatis
572 1702 706 1781 frugibus
730 1705 819 1765 offam

56 1785 155 1848 obicit.
198 1785 246 1848 ille
268 1788 345 1849 lame
364 1786 467 1849 rabida
489 1788 545 1848 tria
567 1794 685 1866 guttura
706 1788 840 1866 pandens

56 1870 177 1949 corripit
197 1869 342 1932 obiectam
363 1877 450 1950 atque
472 1871 609 1932 immania
629 1877 711 1947 terga
733 1869 852 1930 resolvit

56 1953 140 2014 lusus
161 1952 244 2014 humi
261 1961 384 2032 totoque
400 1955 506 2032 ingens
527 1952 693 2015 extenditur
715 1959 809 2012 antro.

57 2041 182 2112 occupat
202 2036 316 2096 Aeneas
336 2036 448 2096 aditum
468 2036 589 2097 custode
609 2034 723 2112 sepulto

59 2116 213 2194 evaditque
235 2116 314 2178 celer
335 2119 430 2194 ripam
450 2117 650 2179 inremeabilis
671 2116 777 2176 undae.

100 2199 244 2260 Continuo
265 2199 382 2260 auditae
400 2218 488 2261 voces
509 2202 623 2277 vagitus
640 2206 671 2260 et
691 2200 810 2276 ingens,

55 2285 259 2362 intantumque
279 2284 393 2344 animae
411 2283 530 2351 llentes,
553 2284 583 2342 in
605 2281 705 2343 limine
726 2283 822 2360 primo

57 2385 132 2446 quos
153 2365 247 2429 dulcis
268 2369 344 2429 vitae
365 2368 489 2428 exsertis
511 2374 541 2426 et
562 2365 600 2427 ab
622 2366 716 2427 ubere
740 2375 841 2445 raptos

57 2450 175 2512 abstulit
194 2457 257 2512 atra
282 2450 344 2512 dics
367 2460 396 2511 et
416 2451 522 2512 funere
543 2452 646 2511 mersit
666 2449 786 2512 acerbo.

56 2535 111 2596 hos
130 2535 211 2597 iuxta
232 2533 306 2596 salso
329 2535 457 2596 damnati
478 2536 600 2596 crimine
619 2536 732 2601 mortis.

55 2636 112 2680 nec
131 2636 202 2679 vero
220 2619 276 2681 hae
296 2619 358 2680 sine
381 2626 462 2680 sorte
482 2618 583 2688 datae,
605 2620 668 2679 sine
689 2617 800 2688 iudice,
822 2617 922 2679 sedes:

56 2703 203 2782 quaesitor
225 2703 319 2763 Minos
338 2720 444 2764 ornam
461 2710 573 2772 movet;
592 2701 642 2763 ille
663 2701 800 2762 silentum

57 2785 273 2864 conciliumque
295 2793 379 2847 vocat
398 2787 530 2864 vitasque
549 2794 579 2846 et
600 2788 722 2847 crimina
743 2786 836 2848 discit.

56 2870 189 2946 proxima
213 2868 319 2929 deinde
335 2877 438 2930 tenent
458 2871 562 2931 maesti
579 2869 669 2938 loca,.
683 2870 733 2947 qui
754 2869 810 2930 sibi
829 2868 921 2931 letum

56 2951 186 3010 insontes
208 2967 353 3028 peperere
374 2968 464 3011 manu
481 2952 637 3030 lucemque
658 2952 758 3030 perosi

56 3033 210 3110 proiecere
232 3034 352 3094 animas.
397 3051 486 3111 quam
506 3033 613 3095 vellent
632 3034 751 3095 aethere
767 3037 798 3095 in
818 3036 876 3097 alto

56 3132 136 3176 nune
159 3122 188 3176 et
207 3118 380 3195 pauperiem
400 3122 431 3178 et
453 3116 543 3178 duros
565 3116 700 3194 perterre
721 3117 851 3180 labores!

55 3198 101 3259 ias
121 3198 232 3270 obstat,
256 3202 405 3280 tristisque
426 3199 511 3280 palus
533 3199 697 3262 inamabilis
717 3202 815 3264 undae

57 3282 155 3358 alligat
176 3289 206 3344 et
225 3286 346 3345 noviens
368 3285 438 3364 Styx
459 3285 601 3346 interfusa
623 3294 748 3346 coercet.

55 3384 111 3427 neo
132 3365 237 3445 procul
255 3367 325 3429 bino
344 3376 458 3447 partem
480 3369 538 3430 lusi
557 3377 759 3431 monstrantur
778 3370 810 3431 in
832 3387 949 3432 omnem
1023 3379 1074 3432 44⁰

54 3449 188 3529 lugentes
210 3452 321 3531 campi;
342 3453 385 3513 sic
406 3451 471 3513 illos
490 3453 609 3514 nomine
629 3453 740 3514 dicunt.

55 3533 103 3596 bic
122 3551 196 3614 quos
215 3533 308 3596 durus
328 3552 411 3595 amor
434 3536 548 3598 crudeli
568 3536 636 3598 tabe
657 3538 786 3614 peredit.
