2512 4096
392 271 534 319 VERGILI
556 271 679 321 aunum
702 273 738 318 Vl

64 429 136 488 baec
157 424 208 486 ubi
228 443 281 486 nos
303 431 460 505 praecepta
481 423 584 486 iubent
604 425 752 504 deponere
774 424 874 487 dona'

64 511 177 571 dixerat
198 516 226 569 et
246 510 355 586 pariter
374 508 466 586 gressi
482 526 536 586 per
558 527 649 587 opaca
670 510 780 571 viarum

65 593 226 670 corripiunt
248 594 373 669 spatium
395 591 523 652 medinm
543 591 712 672 foribusque
731 594 935 671 propinquant.

65 684 187 754 occupat
205 674 318 736 Aeneas
340 675 449 736 aditum
471 693 636 754 corpusque
657 677 768 737 recenti

67 759 177 837 spargit
195 776 271 836 aqua
290 777 462 839 ramumque
484 759 605 820 adverso
627 761 657 819 in
676 760 775 820 limine
793 759 863 834 figit.

106 842 158 902 His
180 843 298 902 demum
319 843 441 912 exectis,
464 842 596 921 perlecto
618 861 741 904 munere
760 843 857 912 divae,

66 926 210 986 devenere
228 924 309 986 locos
331 925 421 987 laetos
440 933 469 986 et
489 943 610 986 amoena
631 928 737 988 virecta

65 1008 279 1070 fortunatorum
298 1026 453 1070 nemorum
474 1009 615 1088 sedesque
636 1009 744 1070 beatas.

65 1092 173 1168 largior
194 1092 242 1152 hic
265 1110 383 1170 campos
404 1093 504 1154 aether
527 1101 555 1153 et
574 1092 683 1154 lumine
704 1094 788 1154 vestit

64 1192 230 1254 purpureo,
249 1175 399 1253 solemque
420 1195 520 1246 suum,
542 1194 594 1236 sua
609 1177 705 1237 sidera
725 1182 843 1236 norunt.

65 1275 136 1338 pars
154 1259 184 1318 in
203 1260 359 1337 gramineis
379 1267 515 1321 exercent
535 1259 667 1320 membra
688 1258 854 1337 palaestris,

66 1341 247 1404 contendunt
267 1341 336 1403 ludo
361 1348 389 1402 et
407 1341 483 1403 fulva
504 1343 652 1403 luctantur
673 1343 798 1409 harena;

65 1443 135 1503 pars
156 1424 280 1503 pedibus
298 1424 440 1503 plaudunt
459 1426 582 1486 choreas
603 1433 630 1487 et
652 1426 781 1487 carmina
802 1426 909 1486 dicunt.

66 1525 198 1569 necnon
220 1508 389 1569 Thraeicius
408 1507 495 1588 longa
517 1527 583 1570 cum
604 1518 683 1570 veste
706 1509 843 1569 sacerdos

67 1591 235 1670 obloquitur
253 1593 383 1654 numeris
404 1599 516 1671 septem
538 1593 703 1654 discrimina
724 1611 843 1663 vocum,

66 1677 182 1752 iamque
204 1675 305 1735 eadem
327 1676 434 1752 digitis,
454 1678 510 1737 iam
533 1678 647 1756 pectine
666 1675 761 1756 pulsat
781 1676 903 1738 eburno.

66 1758 114 1818 bio
135 1774 237 1834 genus
249 1761 377 1820 anticum
395 1761 516 1830 Teucri,
527 1759 732 1840 'pulcherrima
754 1759 867 1838 proles,

66 1842 242 1917 magnanimi
261 1843 381 1913 heroes,
399 1846 458 1905 nati
479 1842 648 1905 melioribus
670 1847 768 1911 annis,
816 1894 819 1899 .

67 1924 184 2002 Ilusque
204 1925 421 2004 Assaracusque
439 1935 467 1987 et
489 1929 593 1988 Troiae
608 1927 760 1986 Dardanus
777 1931 887 1985 auctor.

69 2024 149 2066 arma
167 2008 270 2082 procul
292 2026 455 2086 currusque
480 2010 574 2070 virum
594 2010 716 2070 miratur
739 2009 841 2068 inanis.

68 2096 145 2148 stant
166 2089 375 2151 terre-defixae
392 2092 505 2162 hastae,
528 2093 694 2169 passimque
716 2089 803 2150 soluti

68 2189 121 2251 per
142 2189 277 2249 campum
292 2181 450 2250 pascuntur
470 2176 545 2253 equi.
591 2191 664 2252 quae
689 2173 780 2249 gratia
801 2188 920 2232 currum

69 2271 276 2334 armorumque
298 2256 351 2316 luit
370 2258 454 2327 vivis,
477 2275 550 2335 quae
573 2274 642 2319 cura
657 2257 774 2316 nitentis

68 2358 189 2418 pascere
212 2357 318 2419 equos,
341 2339 442 2401 eadem
464 2342 593 2418 sequitur
613 2338 717 2400 tellure
737 2347 879 2417 repostos.

69 2425 210 2503 conspicit
230 2441 299 2484 ecce
320 2422 390 2484 alios
412 2424 512 2485 dextra
532 2423 669 2502 laevaque
689 2442 743 2502 per
764 2422 887 2484 herbam

69 2508 209 2568 vescentis
229 2507 395 2585 laetumque
416 2509 506 2569 choro
523 2526 635 2588 paeana
657 2508 786 2569 canentis

68 2593 144 2652 inter
166 2591 319 2652 odoratum
340 2591 415 2653 lauri
436 2609 553 2662 nemus,
577 2591 654 2652 unde
673 2609 800 2669 superne

69 2674 212 2752 plurimus
231 2675 349 2737 Eridani
369 2693 423 2753 per
444 2674 544 2736 silvanr
565 2675 686 2735 volvitur
706 2676 807 2735 amnis.

68 2760 116 2819 bio
136 2777 240 2821 manus
261 2758 298 2820 ob
321 2761 443 2837 patriam
465 2760 621 2838 pugnaudo
642 2758 760 2821 volnera
776 2758 869 2838 passi,

69 2844 177 2921 quique
196 2843 362 2904 sacerdotes
380 2846 464 2914 casti,
487 2842 556 2904 dum
577 2844 633 2903 vita
654 2841 804 2910 manebat,

70 2927 177 3002 quique
198 2927 238 3003 pii
260 2931 338 2985 vates
360 2933 387 2985 et
405 2926 526 2986 Phoebo
548 2926 634 3004 digna
653 2924 758 2994 locuti,

70 3010 200 3068 inventas
217 3007 271 3068 aut'
287 3009 335 3086 qui
356 3009 442 3068 titam
467 3007 622 3069 excoluere
645 3027 699 3087 per
722 3009 805 3077 artis,

71 3091 178 3169 quique
200 3092 244 3153 sui
265 3108 411 3151 memores
432 3089 545 3169 aliquos
565 3090 662 3152 locere
681 3089 836 3150 merendo:

71 3173 208 3234 omuibm
226 3174 272 3235 his
291 3175 374 3237 nivea
395 3175 550 3254 cinguntur
570 3181 704 3252 tempora
725 3174 802 3234 vitta.

72 3274 145 3335 quos
167 3259 358 3320 circumfusos
378 3260 420 3320 sic
443 3266 486 3319 est
507 3257 603 3319 adlata
624 3256 746 3336 Sibylla,

71 3341 221 3403 Musaeum
240 3349 307 3404 ante
332 3343 425 3404 omnis
448 3341 584 3422 (medium
600 3359 668 3403 nam
687 3340 812 3421 plurima
832 3339 918 3400 turba

72 3426 150 3486 hunc
172 3426 260 3487 habet
280 3433 366 3505 atque
386 3427 495 3488 umeris
518 3432 661 3487 extantem
683 3425 802 3504 suspicit
824 3422 912 3502 altis):

73 3508 192 3576 dicite,
213 3509 311 3572 felices
332 3510 444 3571 animae
465 3518 568 3589 tuque,
592 3511 699 3587 optime
721 3516 812 3579 vates,

139 3626 269 3674 sisenes,
288 3625 401 3662 venero.
837 3605 875 3661 14
