<?xml version="1.0" encoding="UTF-8"?>
<!DOCTYPE html PUBLIC "-//W3C//DTD XHTML 1.0 Transitional//EN"
    "http://www.w3.org/TR/xhtml1/DTD/xhtml1-transitional.dtd">
<html xmlns="http://www.w3.org/1999/xhtml" xml:lang="en" lang="en">
 <head>
  <title>
</title>
<meta http-equiv="Content-Type" content="text/html;charset=utf-8" />
  <meta name='ocr-system' content='tesseract 3.04.00' />
  <meta name='ocr-capabilities' content='ocr_page ocr_carea ocr_par ocr_line ocrx_word'/>
</head>
<body>
  <div class='ocr_page' id='page_1' title='image "./pvergilimaronis12virggoog/pvergilimaronis12virggoog_0318.png"; bbox 0 0 2512 4096; ppageno 0'>
   <div class='ocr_carea' id='block_1_1' title="bbox 466 275 1140 339">
    <p class='ocr_par' dir='ltr' id='par_1_1' title="bbox 466 275 1140 339">
     <span class='ocr_line' id='line_1_1' title="bbox 466 275 1140 339; baseline -0.003 -2"><span class='ocrx_word' id='word_1_1' title='bbox 466 289 797 339; x_wconf 74' lang='lat' dir='ltr'><strong>aanormnnunrsx</strong></span> <span class='ocrx_word' id='word_1_2' title='bbox 1078 275 1140 339; x_wconf 77' lang='grc'><strong>287</strong></span> 
     </span>
    </p>
   </div>
   <div class='ocr_carea' id='block_1_2' title="bbox 125 443 1140 694">
    <p class='ocr_par' dir='ltr' id='par_1_2' title="bbox 125 443 1140 694">
     <span class='ocr_line' id='line_1_2' title="bbox 167 443 1140 526; baseline -0.004 -20"><span class='ocrx_word' id='word_1_3' title='bbox 167 445 289 526; x_wconf 90' lang='lat' dir='ltr'><strong>lamque</strong></span> <span class='ocrx_word' id='word_1_4' title='bbox 310 445 372 508; x_wconf 86' lang='lat' dir='ltr'><strong>dies</strong></span> <span class='ocrx_word' id='word_1_5' title='bbox 396 444 476 508; x_wconf 89' lang='lat' dir='ltr'><strong>caelo</strong></span> <span class='ocrx_word' id='word_1_6' title='bbox 498 451 684 507; x_wconf 79' lang='lat' dir='ltr'><strong>concesserat</strong></span> <span class='ocrx_word' id='word_1_7' title='bbox 702 443 837 524; x_wconf 89' lang='lat' dir='ltr'><strong>almaque</strong></span> <span class='ocrx_word' id='word_1_8' title='bbox 859 461 949 506; x_wconf 86' lang='lat' dir='ltr'><strong>curru</strong></span> <span class='ocrx_word' id='word_1_9' title='bbox 1090 451 1140 502; x_wconf 75' lang='lat' dir='ltr'><strong>alo</strong></span> 
     </span>
     <span class='ocr_line' id='line_1_3' title="bbox 126 527 918 611; baseline -0.003 -21"><span class='ocrx_word' id='word_1_10' title='bbox 126 530 281 611; x_wconf 83' lang='lat' dir='ltr'><strong>noctivago</strong></span> <span class='ocrx_word' id='word_1_11' title='bbox 299 529 419 592; x_wconf 90' lang='lat' dir='ltr'><strong>Phoebe</strong></span> <span class='ocrx_word' id='word_1_12' title='bbox 442 528 571 591; x_wconf 89' lang='lat' dir='ltr'><strong>medium</strong></span> <span class='ocrx_word' id='word_1_13' title='bbox 589 527 725 608; x_wconf 83' lang='lat' dir='ltr'>pulsabat</span> <span class='ocrx_word' id='word_1_14' title='bbox 747 528 918 609; x_wconf 76' lang='lat' dir='ltr'><strong>Olympumt</strong></span> 
     </span>
     <span class='ocr_line' id='line_1_4' title="bbox 125 611 952 694; baseline -0.002 -20"><span class='ocrx_word' id='word_1_15' title='bbox 125 614 240 675; x_wconf 78' lang='lat' dir='ltr'><strong>teneas</strong></span> <span class='ocrx_word' id='word_1_16' title='bbox 261 611 368 694; x_wconf 90' lang='lat' dir='ltr'><strong>(nequo</strong></span> <span class='ocrx_word' id='word_1_17' title='bbox 390 615 468 676; x_wconf 91' lang='lat' dir='ltr'><strong>enim</strong></span> <span class='ocrx_word' id='word_1_18' title='bbox 486 612 629 675; x_wconf 89' lang='lat' dir='ltr'><strong>membris</strong></span> <span class='ocrx_word' id='word_1_19' title='bbox 650 613 700 674; x_wconf 91' lang='lat' dir='ltr'><strong>dat</strong></span> <span class='ocrx_word' id='word_1_20' title='bbox 723 630 795 674; x_wconf 89' lang='lat' dir='ltr'><strong>cura</strong></span> <span class='ocrx_word' id='word_1_21' title='bbox 816 613 952 693; x_wconf 90' lang='lat' dir='ltr'><strong>quietem)</strong></span> 
     </span>
    </p>
   </div>
   <div class='ocr_carea' id='block_1_3' title="bbox 123 696 1073 2535">
    <p class='ocr_par' dir='ltr' id='par_1_3' title="bbox 124 696 1073 1364">
     <span class='ocr_line' id='line_1_5' title="bbox 125 696 925 779; baseline -0.001 -20"><span class='ocrx_word' id='word_1_22' title='bbox 125 699 189 779; x_wconf 80' lang='lat' dir='ltr'><strong>ipse</strong></span> <span class='ocrx_word' id='word_1_23' title='bbox 210 696 317 758; x_wconf 90' lang='lat' dir='ltr'><strong>sedens</strong></span> <span class='ocrx_word' id='word_1_24' title='bbox 332 696 503 776; x_wconf 83' lang='lat' dir='ltr'><strong>claramque</strong></span> <span class='ocrx_word' id='word_1_25' title='bbox 524 698 601 776; x_wconf 91' lang='lat' dir='ltr'><strong>regit</strong></span> <span class='ocrx_word' id='word_1_26' title='bbox 621 696 750 777; x_wconf 84' lang='lat' dir='ltr'><strong>velisque</strong></span> <span class='ocrx_word' id='word_1_27' title='bbox 771 697 925 758; x_wconf 78' lang='lat' dir='ltr'><strong>ministrat.</strong></span> 
     </span>
     <span class='ocr_line' id='line_1_6' title="bbox 125 778 922 861; baseline 0 -19"><span class='ocrx_word' id='word_1_28' title='bbox 125 788 214 861; x_wconf 91' lang='lat' dir='ltr'><strong>atque</strong></span> <span class='ocrx_word' id='word_1_29' title='bbox 230 778 273 841; x_wconf 90' lang='grc'>1111</span> <span class='ocrx_word' id='word_1_30' title='bbox 292 781 390 843; x_wconf 90' lang='lat' dir='ltr'><strong>medio</strong></span> <span class='ocrx_word' id='word_1_31' title='bbox 411 783 442 842; x_wconf 93' lang='lat' dir='ltr'><strong>in</strong></span> <span class='ocrx_word' id='word_1_32' title='bbox 466 784 559 860; x_wconf 90' lang='lat' dir='ltr'><strong>spatio</strong></span> <span class='ocrx_word' id='word_1_33' title='bbox 581 780 691 842; x_wconf 87' lang='lat' dir='ltr'><strong>chorus</strong></span> <span class='ocrx_word' id='word_1_34' title='bbox 710 798 781 842; x_wconf 85' lang='lat' dir='ltr'><strong>ecce</strong></span> <span class='ocrx_word' id='word_1_35' title='bbox 802 798 922 842; x_wconf 92' lang='lat' dir='ltr'><strong>suarum</strong></span> 
     </span>
     <span class='ocr_line' id='line_1_7' title="bbox 125 863 940 946; baseline 0.002 -22"><span class='ocrx_word' id='word_1_36' title='bbox 125 865 257 927; x_wconf 91' lang='lat' dir='ltr'><strong>occurrit</strong></span> <span class='ocrx_word' id='word_1_37' title='bbox 279 867 434 929; x_wconf 90' lang='lat' dir='ltr'><strong>comitum:</strong></span> <span class='ocrx_word' id='word_1_38' title='bbox 454 866 610 946; x_wconf 76' lang='lat' dir='ltr'><strong>nymphae,</strong></span> <span class='ocrx_word' id='word_1_39' title='bbox 633 882 706 944; x_wconf 87' lang='lat' dir='ltr'><strong>quas</strong></span> <span class='ocrx_word' id='word_1_40' title='bbox 726 864 802 925; x_wconf 91' lang='lat' dir='ltr'><strong>alma</strong></span> <span class='ocrx_word' id='word_1_41' title='bbox 823 863 940 944; x_wconf 78' lang='lat' dir='ltr'><strong>Cybebe</strong></span> 
     </span>
     <span class='ocr_line' id='line_1_8' title="bbox 125 947 971 1030; baseline -0.001 -20"><span class='ocrx_word' id='word_1_42' title='bbox 125 966 235 1011; x_wconf 82' lang='lat' dir='ltr'><strong>numen</strong></span> <span class='ocrx_word' id='word_1_43' title='bbox 257 947 369 1012; x_wconf 88' lang='lat' dir='ltr'><strong>habere</strong></span> <span class='ocrx_word' id='word_1_44' title='bbox 390 951 480 1010; x_wconf 90' lang='lat' dir='ltr'><strong>maris</strong></span> <span class='ocrx_word' id='word_1_45' title='bbox 500 947 704 1030; x_wconf 78' lang='lat' dir='ltr'><strong>nymphasque</strong></span> <span class='ocrx_word' id='word_1_46' title='bbox 726 966 743 1010; x_wconf 90' lang='lat' dir='ltr'><strong>e</strong></span> <span class='ocrx_word' id='word_1_47' title='bbox 763 947 885 1009; x_wconf 84' lang='lat' dir='ltr'><strong>navibus</strong></span> <span class='ocrx_word' id='word_1_48' title='bbox 907 967 971 1011; x_wconf 90' lang='lat' dir='ltr'><strong>esse</strong></span> 
     </span>
     <span class='ocr_line' id='line_1_9' title="bbox 124 1031 916 1114; baseline -0.001 -21"><span class='ocrx_word' id='word_1_49' title='bbox 124 1035 259 1102; x_wconf 88' lang='lat' dir='ltr'><strong>iusserat,</strong></span> <span class='ocrx_word' id='word_1_50' title='bbox 282 1033 424 1095; x_wconf 89' lang='lat' dir='ltr'><strong>innabant</strong></span> <span class='ocrx_word' id='word_1_51' title='bbox 444 1035 556 1114; x_wconf 87' lang='lat' dir='ltr'><strong>pariter</strong></span> <span class='ocrx_word' id='word_1_52' title='bbox 579 1031 746 1113; x_wconf 87' lang='lat' dir='ltr'><strong>tinctusque</strong></span> <span class='ocrx_word' id='word_1_53' title='bbox 768 1031 916 1106; x_wconf 78' lang='lat' dir='ltr'><strong>secabant,</strong></span> 
     </span>
     <span class='ocr_line' id='line_1_10' title="bbox 125 1116 1073 1204; baseline 0.003 -29"><span class='ocrx_word' id='word_1_54' title='bbox 125 1121 197 1196; x_wconf 91' lang='lat' dir='ltr'><strong>quot</strong></span> <span class='ocrx_word' id='word_1_55' title='bbox 215 1116 298 1194; x_wconf 90' lang='lat' dir='ltr'><strong>prius</strong></span> <span class='ocrx_word' id='word_1_56' title='bbox 318 1124 435 1179; x_wconf 83' lang='lat' dir='ltr'><strong>aeratae</strong></span> <span class='ocrx_word' id='word_1_57' title='bbox 456 1123 597 1180; x_wconf 88' lang='lat' dir='ltr'><strong>steterant</strong></span> <span class='ocrx_word' id='word_1_58' title='bbox 617 1117 655 1178; x_wconf 93' lang='lat' dir='ltr'><strong>ad</strong></span> <span class='ocrx_word' id='word_1_59' title='bbox 672 1116 757 1178; x_wconf 88' lang='lat' dir='ltr'><strong>litora</strong></span> <span class='ocrx_word' id='word_1_60' title='bbox 778 1133 895 1195; x_wconf 88' lang='lat' dir='ltr'><strong>prorae.</strong></span> <span class='ocrx_word' id='word_1_61' title='bbox 986 1187 992 1204; x_wconf 34' lang='grc' dir='ltr'>ι</span> <span class='ocrx_word' id='word_1_62' title='bbox 1068 1191 1073 1202; x_wconf 37' lang='grc'><em>,</em></span> 
     </span>
     <span class='ocr_line' id='line_1_11' title="bbox 124 1199 888 1280; baseline 0 -20"><span class='ocrx_word' id='word_1_63' title='bbox 124 1200 310 1278; x_wconf 73' lang='lat' dir='ltr'><strong>adgnoscunt</strong></span> <span class='ocrx_word' id='word_1_64' title='bbox 327 1199 415 1278; x_wconf 91' lang='lat' dir='ltr'><strong>longe</strong></span> <span class='ocrx_word' id='word_1_65' title='bbox 434 1219 537 1280; x_wconf 89' lang='lat' dir='ltr'><strong>regern</strong></span> <span class='ocrx_word' id='word_1_66' title='bbox 558 1201 742 1277; x_wconf 78' lang='lat' dir='ltr'><strong>lustrantque</strong></span> <span class='ocrx_word' id='word_1_67' title='bbox 764 1201 888 1262; x_wconf 87' lang='lat' dir='ltr'><strong>choreis.</strong></span> 
     </span>
     <span class='ocr_line' id='line_1_12' title="bbox 125 1284 842 1364; baseline 0 -19"><span class='ocrx_word' id='word_1_68' title='bbox 125 1300 252 1362; x_wconf 90' lang='lat' dir='ltr'><strong>quarum</strong></span> <span class='ocrx_word' id='word_1_69' title='bbox 273 1299 349 1362; x_wconf 85' lang='lat' dir='ltr'><strong>quae</strong></span> <span class='ocrx_word' id='word_1_70' title='bbox 370 1284 451 1345; x_wconf 84' lang='lat' dir='ltr'><strong>tandi</strong></span> <span class='ocrx_word' id='word_1_71' title='bbox 471 1286 638 1346; x_wconf 89' lang='lat' dir='ltr'><strong>doctissima</strong></span> <span class='ocrx_word' id='word_1_72' title='bbox 662 1284 842 1364; x_wconf 81' lang='lat' dir='ltr'><strong>Cymodocea</strong></span> 
     </span>
    </p>

    <p class='ocr_par' dir='ltr' id='par_1_4' title="bbox 125 1368 961 1529">
     <span class='ocr_line' id='line_1_13' title="bbox 125 1368 961 1448; baseline 0.004 -21"><span class='ocrx_word' id='word_1_73' title='bbox 125 1384 202 1446; x_wconf 90' lang='lat' dir='ltr'><strong>pone</strong></span> <span class='ocrx_word' id='word_1_74' title='bbox 220 1383 348 1448; x_wconf 88' lang='lat' dir='ltr'><strong>sequens</strong></span> <span class='ocrx_word' id='word_1_75' title='bbox 368 1368 470 1429; x_wconf 87' lang='lat' dir='ltr'><strong>dextra</strong></span> <span class='ocrx_word' id='word_1_76' title='bbox 489 1370 612 1448; x_wconf 83' lang='lat' dir='ltr'><strong>puppim</strong></span> <span class='ocrx_word' id='word_1_77' title='bbox 634 1375 714 1429; x_wconf 88' lang='lat' dir='ltr'><strong>tenet</strong></span> <span class='ocrx_word' id='word_1_78' title='bbox 730 1369 853 1447; x_wconf 85' lang='lat' dir='ltr'><strong>ipsaque</strong></span> <span class='ocrx_word' id='word_1_79' title='bbox 874 1369 961 1430; x_wconf 87' lang='lat' dir='ltr'><strong>dorso</strong></span> 
     </span>
     <span class='ocr_line' id='line_1_14' title="bbox 125 1450 822 1529; baseline 0.001 -17"><span class='ocrx_word' id='word_1_80' title='bbox 125 1452 235 1512; x_wconf 90' lang='lat' dir='ltr'><strong>eminet</strong></span> <span class='ocrx_word' id='word_1_81' title='bbox 254 1468 290 1512; x_wconf 86' lang='lat' dir='ltr'><strong>ac</strong></span> <span class='ocrx_word' id='word_1_82' title='bbox 308 1450 390 1513; x_wconf 81' lang='lat' dir='ltr'><strong>laeva</strong></span> <span class='ocrx_word' id='word_1_83' title='bbox 411 1453 507 1514; x_wconf 91' lang='lat' dir='ltr'><strong>tacitis</strong></span> <span class='ocrx_word' id='word_1_84' title='bbox 526 1451 708 1529; x_wconf 78' lang='lat' dir='ltr'><strong>subremigat</strong></span> <span class='ocrx_word' id='word_1_85' title='bbox 727 1452 822 1523; x_wconf 91' lang='lat' dir='ltr'><strong>undis,</strong></span> 
     </span>
    </p>

    <p class='ocr_par' dir='ltr' id='par_1_5' title="bbox 125 1535 1013 1697">
     <span class='ocr_line' id='line_1_15' title="bbox 125 1535 1013 1616; baseline 0.001 -21"><span class='ocrx_word' id='word_1_86' title='bbox 125 1542 187 1596; x_wconf 91' lang='lat' dir='ltr'><strong>tum</strong></span> <span class='ocrx_word' id='word_1_87' title='bbox 209 1536 253 1596; x_wconf 89' lang='lat' dir='ltr'><strong>sic</strong></span> <span class='ocrx_word' id='word_1_88' title='bbox 272 1536 408 1614; x_wconf 87' lang='lat' dir='ltr'><strong>ignarum</strong></span> <span class='ocrx_word' id='word_1_89' title='bbox 426 1536 610 1616; x_wconf 86' lang='lat' dir='ltr'><strong>adloquitur:</strong></span> <span class='ocrx_word' id='word_1_90' title='bbox 635 1536 799 1613; x_wconf 64' lang='lat' dir='ltr'><strong>‘vigilasne</strong></span> <span class='ocrx_word' id='word_1_91' title='bbox 822 1535 910 1599; x_wconf 91' lang='lat' dir='ltr'><strong>deum</strong></span> <span class='ocrx_word' id='word_1_92' title='bbox 932 1553 1013 1615; x_wconf 90' lang='lat' dir='ltr'><strong>gens,</strong></span> 
     </span>
     <span class='ocr_line' id='line_1_16' title="bbox 125 1618 784 1697; baseline 0.002 -16"><span class='ocrx_word' id='word_1_93' title='bbox 125 1620 240 1681; x_wconf 77' lang='lat' dir='ltr'><strong>densat</strong></span> <span class='ocrx_word' id='word_1_94' title='bbox 262 1618 348 1697; x_wconf 84' lang='lat' dir='ltr'><strong>vigila</strong></span> <span class='ocrx_word' id='word_1_95' title='bbox 367 1627 396 1681; x_wconf 91' lang='lat' dir='ltr'><strong>et</strong></span> <span class='ocrx_word' id='word_1_96' title='bbox 417 1620 489 1681; x_wconf 82' lang='lat' dir='ltr'><strong>reiis</strong></span> <span class='ocrx_word' id='word_1_97' title='bbox 510 1621 624 1682; x_wconf 89' lang='lat' dir='ltr'><strong>inmitte</strong></span> <span class='ocrx_word' id='word_1_98' title='bbox 642 1618 784 1682; x_wconf 86' lang='lat' dir='ltr'><strong>rudentis.</strong></span> 
     </span>
    </p>

    <p class='ocr_par' dir='ltr' id='par_1_6' title="bbox 125 1703 847 1782">
     <span class='ocr_line' id='line_1_17' title="bbox 125 1703 847 1782; baseline 0.001 -19"><span class='ocrx_word' id='word_1_99' title='bbox 125 1719 179 1763; x_wconf 91' lang='lat' dir='ltr'><strong>nos</strong></span> <span class='ocrx_word' id='word_1_100' title='bbox 199 1720 311 1774; x_wconf 86' lang='lat' dir='ltr'><strong>sumus,</strong></span> <span class='ocrx_word' id='word_1_101' title='bbox 333 1703 439 1766; x_wconf 84' lang='lat' dir='ltr'><strong>Idaeae</strong></span> <span class='ocrx_word' id='word_1_102' title='bbox 459 1721 544 1766; x_wconf 83' lang='lat' dir='ltr'><strong>sacro</strong></span> <span class='ocrx_word' id='word_1_103' title='bbox 565 1705 602 1766; x_wconf 91' lang='lat' dir='ltr'><strong>de</strong></span> <span class='ocrx_word' id='word_1_104' title='bbox 622 1705 732 1765; x_wconf 80' lang='lat' dir='ltr'><strong>vertice</strong></span> <span class='ocrx_word' id='word_1_105' title='bbox 753 1704 847 1782; x_wconf 84' lang='lat' dir='ltr'><strong>pinus,</strong></span> 
     </span>
    </p>

    <p class='ocr_par' dir='ltr' id='par_1_7' title="bbox 123 1785 999 2200">
     <span class='ocr_line' id='line_1_18' title="bbox 124 1785 999 1868; baseline -0.001 -19"><span class='ocrx_word' id='word_1_106' title='bbox 124 1804 203 1849; x_wconf 86' lang='lat' dir='ltr'><strong>nunc</strong></span> <span class='ocrx_word' id='word_1_107' title='bbox 225 1785 322 1866; x_wconf 89' lang='lat' dir='ltr'><strong>pelagi</strong></span> <span class='ocrx_word' id='word_1_108' title='bbox 344 1787 497 1867; x_wconf 77' lang='lat' dir='ltr'><strong>nymphae,</strong></span> <span class='ocrx_word' id='word_1_109' title='bbox 521 1788 623 1850; x_wconf 90' lang='lat' dir='ltr'><strong>classis</strong></span> <span class='ocrx_word' id='word_1_110' title='bbox 642 1796 701 1849; x_wconf 89' lang='lat' dir='ltr'><strong>tna.</strong></span> <span class='ocrx_word' id='word_1_111' title='bbox 737 1787 868 1868; x_wconf 85' lang='lat' dir='ltr'><strong>perfidus</strong></span> <span class='ocrx_word' id='word_1_112' title='bbox 891 1794 924 1849; x_wconf 94' lang='lat' dir='ltr'><strong>ut</strong></span> <span class='ocrx_word' id='word_1_113' title='bbox 944 1806 999 1848; x_wconf 89' lang='lat' dir='ltr'><strong>nos</strong></span> 
     </span>
     <span class='ocr_line' id='line_1_19' title="bbox 124 1870 924 1951; baseline 0 -20"><span class='ocrx_word' id='word_1_114' title='bbox 124 1871 293 1950; x_wconf 88' lang='lat' dir='ltr'><strong>praecipitis</strong></span> <span class='ocrx_word' id='word_1_115' title='bbox 316 1872 396 1933; x_wconf 89' lang='lat' dir='ltr'><strong>ierro</strong></span> <span class='ocrx_word' id='word_1_116' title='bbox 416 1872 541 1934; x_wconf 83' lang='lat' dir='ltr'><strong>Rutulus</strong></span> <span class='ocrx_word' id='word_1_117' title='bbox 563 1871 740 1951; x_wconf 83' lang='lat' dir='ltr'><strong>flammaque</strong></span> <span class='ocrx_word' id='word_1_118' title='bbox 762 1870 924 1950; x_wconf 89' lang='lat' dir='ltr'><strong>premebat,</strong></span> 
     </span>
     <span class='ocr_line' id='line_1_20' title="bbox 123 1955 911 2034; baseline 0 -20"><span class='ocrx_word' id='word_1_119' title='bbox 123 1956 257 2034; x_wconf 91' lang='lat' dir='ltr'><strong>rupimus</strong></span> <span class='ocrx_word' id='word_1_120' title='bbox 279 1955 384 2017; x_wconf 82' lang='lat' dir='ltr'><strong>invitae</strong></span> <span class='ocrx_word' id='word_1_121' title='bbox 406 1962 456 2016; x_wconf 90' lang='lat' dir='ltr'><strong>tua</strong></span> <span class='ocrx_word' id='word_1_122' title='bbox 475 1955 591 2017; x_wconf 80' lang='lat' dir='ltr'><strong>vincula</strong></span> <span class='ocrx_word' id='word_1_123' title='bbox 613 1963 702 2034; x_wconf 88' lang='lat' dir='ltr'><strong>teque</strong></span> <span class='ocrx_word' id='word_1_124' title='bbox 723 1972 778 2032; x_wconf 91' lang='lat' dir='ltr'><strong>per</strong></span> <span class='ocrx_word' id='word_1_125' title='bbox 799 1972 911 2034; x_wconf 90' lang='lat' dir='ltr'><strong>aequor</strong></span> 
     </span>
     <span class='ocr_line' id='line_1_21' title="bbox 124 2036 979 2117; baseline -0.001 -19"><span class='ocrx_word' id='word_1_126' title='bbox 124 2039 302 2117; x_wconf 89' lang='lat' dir='ltr'><strong>quaerimus.</strong></span> <span class='ocrx_word' id='word_1_127' title='bbox 336 2037 412 2099; x_wconf 88' lang='lat' dir='ltr'><strong>hane</strong></span> <span class='ocrx_word' id='word_1_128' title='bbox 436 2040 570 2117; x_wconf 80' lang='lat' dir='ltr'><strong>genetrix</strong></span> <span class='ocrx_word' id='word_1_129' title='bbox 591 2038 696 2100; x_wconf 79' lang='lat' dir='ltr'><strong>faciem</strong></span> <span class='ocrx_word' id='word_1_130' title='bbox 717 2039 855 2098; x_wconf 88' lang='lat' dir='ltr'><strong>miserata</strong></span> <span class='ocrx_word' id='word_1_131' title='bbox 875 2036 979 2098; x_wconf 88' lang='lat' dir='ltr'><strong>reiecit</strong></span> 
     </span>
     <span class='ocr_line' id='line_1_22' title="bbox 125 2119 925 2200; baseline 0 -19"><span class='ocrx_word' id='word_1_132' title='bbox 125 2129 154 2182; x_wconf 91' lang='lat' dir='ltr'><strong>et</strong></span> <span class='ocrx_word' id='word_1_133' title='bbox 170 2119 251 2181; x_wconf 85' lang='lat' dir='ltr'><strong>dedit</strong></span> <span class='ocrx_word' id='word_1_134' title='bbox 270 2136 334 2180; x_wconf 87' lang='lat' dir='ltr'><strong>esse</strong></span> <span class='ocrx_word' id='word_1_135' title='bbox 354 2121 424 2182; x_wconf 91' lang='lat' dir='ltr'><strong>deas</strong></span> <span class='ocrx_word' id='word_1_136' title='bbox 446 2138 607 2200; x_wconf 82' lang='lat' dir='ltr'><strong>aeromque</strong></span> <span class='ocrx_word' id='word_1_137' title='bbox 625 2121 737 2196; x_wconf 87' lang='lat' dir='ltr'><strong>agitare</strong></span> <span class='ocrx_word' id='word_1_138' title='bbox 754 2120 809 2181; x_wconf 93' lang='lat' dir='ltr'><strong>sub</strong></span> <span class='ocrx_word' id='word_1_139' title='bbox 829 2119 925 2181; x_wconf 89' lang='lat' dir='ltr'><strong>undis.</strong></span> 
     </span>
    </p>

    <p class='ocr_par' dir='ltr' id='par_1_8' title="bbox 123 2202 819 2283">
     <span class='ocr_line' id='line_1_23' title="bbox 123 2202 819 2283; baseline -0.001 -18"><span class='ocrx_word' id='word_1_140' title='bbox 123 2211 154 2266; x_wconf 89' lang='lat' dir='ltr'><strong>at</strong></span> <span class='ocrx_word' id='word_1_141' title='bbox 175 2221 251 2283; x_wconf 91' lang='lat' dir='ltr'><strong>puer</strong></span> <span class='ocrx_word' id='word_1_142' title='bbox 269 2202 410 2265; x_wconf 76' lang='lat' dir='ltr'><strong>ascanius</strong></span> <span class='ocrx_word' id='word_1_143' title='bbox 434 2221 519 2265; x_wconf 89' lang='lat' dir='ltr'><strong>muro</strong></span> <span class='ocrx_word' id='word_1_144' title='bbox 541 2203 685 2283; x_wconf 83' lang='lat' dir='ltr'><strong>fossisque</strong></span> <span class='ocrx_word' id='word_1_145' title='bbox 702 2210 819 2265; x_wconf 88' lang='lat' dir='ltr'><strong>tenetur</strong></span> 
     </span>
    </p>

    <p class='ocr_par' dir='ltr' id='par_1_9' title="bbox 123 2286 920 2535">
     <span class='ocr_line' id='line_1_24' title="bbox 123 2286 920 2366; baseline -0.004 -17"><span class='ocrx_word' id='word_1_146' title='bbox 123 2288 181 2350; x_wconf 89' lang='lat' dir='ltr'><strong>teia</strong></span> <span class='ocrx_word' id='word_1_147' title='bbox 202 2288 280 2349; x_wconf 88' lang='lat' dir='ltr'><strong>iuter</strong></span> <span class='ocrx_word' id='word_1_148' title='bbox 301 2286 398 2349; x_wconf 88' lang='lat' dir='ltr'><strong>media</strong></span> <span class='ocrx_word' id='word_1_149' title='bbox 419 2294 507 2366; x_wconf 88' lang='lat' dir='ltr'><strong>atque</strong></span> <span class='ocrx_word' id='word_1_150' title='bbox 529 2287 659 2348; x_wconf 89' lang='lat' dir='ltr'><strong>ardentis</strong></span> <span class='ocrx_word' id='word_1_151' title='bbox 678 2288 772 2349; x_wconf 82' lang='lat' dir='ltr'><strong>Marte</strong></span> <span class='ocrx_word' id='word_1_152' title='bbox 793 2287 920 2350; x_wconf 89' lang='lat' dir='ltr'><strong>Latinos.</strong></span> 
     </span>
     <span class='ocr_line' id='line_1_25' title="bbox 124 2371 912 2451; baseline -0.001 -19"><span class='ocrx_word' id='word_1_153' title='bbox 124 2378 183 2433; x_wconf 89' lang='lat' dir='ltr'><strong>tam</strong></span> <span class='ocrx_word' id='word_1_154' title='bbox 205 2371 271 2432; x_wconf 90' lang='lat' dir='ltr'><strong>loca</strong></span> <span class='ocrx_word' id='word_1_155' title='bbox 292 2372 370 2433; x_wconf 85' lang='lat' dir='ltr'><strong>iussa</strong></span> <span class='ocrx_word' id='word_1_156' title='bbox 391 2377 493 2433; x_wconf 91' lang='lat' dir='ltr'><strong>tenent</strong></span> <span class='ocrx_word' id='word_1_157' title='bbox 513 2372 583 2433; x_wconf 81' lang='lat' dir='ltr'><strong>torti</strong></span> <span class='ocrx_word' id='word_1_158' title='bbox 603 2373 766 2451; x_wconf 80' lang='lat' dir='ltr'><strong>permixtus</strong></span> <span class='ocrx_word' id='word_1_159' title='bbox 788 2371 912 2432; x_wconf 86' lang='lat' dir='ltr'><strong>Etrusco</strong></span> 
     </span>
     <span class='ocr_line' id='line_1_26' title="bbox 123 2455 862 2535; baseline -0.003 -18"><span class='ocrx_word' id='word_1_160' title='bbox 123 2458 214 2517; x_wconf 77' lang='lat' dir='ltr'><strong>Arcas</strong></span> <span class='ocrx_word' id='word_1_161' title='bbox 235 2473 340 2535; x_wconf 84' lang='lat' dir='ltr'><strong>eques:</strong></span> <span class='ocrx_word' id='word_1_162' title='bbox 361 2455 472 2517; x_wconf 87' lang='lat' dir='ltr'><strong>medias</strong></span> <span class='ocrx_word' id='word_1_163' title='bbox 492 2455 547 2518; x_wconf 86' lang='lat' dir='ltr'><strong>illis</strong></span> <span class='ocrx_word' id='word_1_164' title='bbox 570 2473 720 2535; x_wconf 91' lang='lat' dir='ltr'><strong>opponere</strong></span> <span class='ocrx_word' id='word_1_165' title='bbox 742 2463 862 2525; x_wconf 90' lang='lat' dir='ltr'><strong>turmas,</strong></span> 
     </span>
    </p>
   </div>
   <div class='ocr_carea' id='block_1_4' title="bbox 123 2539 1253 2619">
    <p class='ocr_par' dir='ltr' id='par_1_10' title="bbox 123 2539 1253 2619">
     <span class='ocr_line' id='line_1_27' title="bbox 123 2539 1253 2619; baseline 0 -19"><span class='ocrx_word' id='word_1_166' title='bbox 123 2557 162 2601; x_wconf 82' lang='lat' dir='ltr'><strong>aa</strong></span> <span class='ocrx_word' id='word_1_167' title='bbox 184 2539 287 2600; x_wconf 88' lang='lat' dir='ltr'><strong>castris</strong></span> <span class='ocrx_word' id='word_1_168' title='bbox 308 2541 438 2619; x_wconf 90' lang='lat' dir='ltr'><strong>iungant,</strong></span> <span class='ocrx_word' id='word_1_169' title='bbox 462 2547 569 2602; x_wconf 87' lang='lat' dir='ltr'><strong>certast</strong></span> <span class='ocrx_word' id='word_1_170' title='bbox 591 2542 735 2601; x_wconf 91' lang='lat' dir='ltr'><strong>sententia</strong></span> <span class='ocrx_word' id='word_1_171' title='bbox 754 2541 865 2603; x_wconf 88' lang='lat' dir='ltr'><strong>Turno.</strong></span> <span class='ocrx_word' id='word_1_172' title='bbox 1086 2548 1137 2600; x_wconf 81' lang='lat'><strong>240</strong></span> <span class='ocrx_word' id='word_1_173' title='bbox 1251 2576 1253 2581; x_wconf 92' lang='lat'><em>-</em></span> 
     </span>
    </p>
   </div>
   <div class='ocr_carea' id='block_1_5' title="bbox 122 2623 1190 3629">
    <p class='ocr_par' dir='ltr' id='par_1_11' title="bbox 122 2623 1190 2873">
     <span class='ocr_line' id='line_1_28' title="bbox 123 2623 862 2703; baseline 0.001 -18"><span class='ocrx_word' id='word_1_174' title='bbox 123 2641 213 2703; x_wconf 89' lang='lat' dir='ltr'><strong>surge</strong></span> <span class='ocrx_word' id='word_1_175' title='bbox 232 2641 286 2703; x_wconf 84' lang='lat' dir='ltr'><strong>age</strong></span> <span class='ocrx_word' id='word_1_176' title='bbox 306 2630 335 2685; x_wconf 91' lang='lat' dir='ltr'><strong>et</strong></span> <span class='ocrx_word' id='word_1_177' title='bbox 354 2623 470 2689; x_wconf 78' lang='lat' dir='ltr'><strong>Aurora</strong></span> <span class='ocrx_word' id='word_1_178' title='bbox 491 2625 587 2686; x_wconf 86' lang='lat' dir='ltr'><strong>socios</strong></span> <span class='ocrx_word' id='word_1_179' title='bbox 607 2627 740 2687; x_wconf 87' lang='lat' dir='ltr'><strong>veniente</strong></span> <span class='ocrx_word' id='word_1_180' title='bbox 763 2626 862 2688; x_wconf 87' lang='lat' dir='ltr'><strong>vocari</strong></span> 
     </span>
     <span class='ocr_line' id='line_1_29' title="bbox 122 2707 1190 2790; baseline -0.003 -22"><span class='ocrx_word' id='word_1_181' title='bbox 122 2709 237 2789; x_wconf 89' lang='lat' dir='ltr'><strong>primus</strong></span> <span class='ocrx_word' id='word_1_182' title='bbox 255 2708 286 2768; x_wconf 91' lang='lat' dir='ltr'><strong>in</strong></span> <span class='ocrx_word' id='word_1_183' title='bbox 307 2725 389 2769; x_wconf 74' lang='lat' dir='ltr'><strong>uma</strong></span> <span class='ocrx_word' id='word_1_184' title='bbox 410 2707 479 2770; x_wconf 92' lang='lat' dir='ltr'><strong>iube</strong></span> <span class='ocrx_word' id='word_1_185' title='bbox 500 2716 529 2771; x_wconf 95' lang='lat' dir='ltr'><strong>et</strong></span> <span class='ocrx_word' id='word_1_186' title='bbox 551 2707 688 2789; x_wconf 68' lang='lat' dir='ltr'><strong>dapenna</strong></span> <span class='ocrx_word' id='word_1_187' title='bbox 710 2727 791 2789; x_wconf 88' lang='lat' dir='ltr'><strong>cape,</strong></span> <span class='ocrx_word' id='word_1_188' title='bbox 816 2727 904 2789; x_wconf 62' lang='lat' dir='ltr'><strong>wem</strong></span> <span class='ocrx_word' id='word_1_189' title='bbox 924 2709 1004 2772; x_wconf 89' lang='lat' dir='ltr'><strong>dedit</strong></span> <span class='ocrx_word' id='word_1_190' title='bbox 1023 2711 1087 2790; x_wconf 88' lang='lat' dir='ltr'><strong>ipsc</strong></span> <span class='ocrx_word' id='word_1_191' title='bbox 1187 2760 1190 2765; x_wconf 90' lang='lat'><em>.</em></span> 
     </span>
     <span class='ocr_line' id='line_1_30' title="bbox 122 2791 873 2873; baseline 0.001 -20"><span class='ocrx_word' id='word_1_192' title='bbox 122 2793 262 2854; x_wconf 82' lang='lat' dir='ltr'><strong>invictum</strong></span> <span class='ocrx_word' id='word_1_193' title='bbox 281 2791 452 2872; x_wconf 88' lang='lat' dir='ltr'><strong>ignipotens</strong></span> <span class='ocrx_word' id='word_1_194' title='bbox 470 2801 558 2873; x_wconf 87' lang='lat' dir='ltr'><strong>atque</strong></span> <span class='ocrx_word' id='word_1_195' title='bbox 580 2811 647 2854; x_wconf 89' lang='lat' dir='ltr'><strong>oras</strong></span> <span class='ocrx_word' id='word_1_196' title='bbox 669 2794 771 2855; x_wconf 90' lang='lat' dir='ltr'><strong>ambiit</strong></span> <span class='ocrx_word' id='word_1_197' title='bbox 791 2811 873 2855; x_wconf 90' lang='lat' dir='ltr'><strong>auro.</strong></span> 
     </span>
    </p>

    <p class='ocr_par' dir='ltr' id='par_1_12' title="bbox 124 2873 888 2957">
     <span class='ocr_line' id='line_1_31' title="bbox 124 2873 888 2957; baseline 0 -20"><span class='ocrx_word' id='word_1_198' title='bbox 124 2877 249 2937; x_wconf 84' lang='lat' dir='ltr'><strong>crastina</strong></span> <span class='ocrx_word' id='word_1_199' title='bbox 269 2873 329 2946; x_wconf 88' lang='lat' dir='ltr'><strong>lux,</strong></span> <span class='ocrx_word' id='word_1_200' title='bbox 349 2893 414 2938; x_wconf 86' lang='lat' dir='ltr'><strong>mea</strong></span> <span class='ocrx_word' id='word_1_201' title='bbox 436 2879 541 2939; x_wconf 89' lang='lat' dir='ltr'><strong>sinon</strong></span> <span class='ocrx_word' id='word_1_202' title='bbox 560 2879 648 2938; x_wconf 88' lang='lat' dir='ltr'><strong>inrita</strong></span> <span class='ocrx_word' id='word_1_203' title='bbox 670 2877 748 2940; x_wconf 84' lang='lat' dir='ltr'><strong>dicta</strong></span> <span class='ocrx_word' id='word_1_204' title='bbox 766 2879 888 2957; x_wconf 88' lang='lat' dir='ltr'><strong>putaris,</strong></span> 
     </span>
    </p>

    <p class='ocr_par' dir='ltr' id='par_1_13' title="bbox 122 2957 1136 3121">
     <span class='ocr_line' id='line_1_32' title="bbox 122 2957 1136 3043; baseline -0.004 -23"><span class='ocrx_word' id='word_1_205' title='bbox 122 2959 248 3037; x_wconf 88' lang='lat' dir='ltr'><strong>ingentis</strong></span> <span class='ocrx_word' id='word_1_206' title='bbox 269 2957 394 3020; x_wconf 85' lang='lat' dir='ltr'><strong>Rutulae</strong></span> <span class='ocrx_word' id='word_1_207' title='bbox 416 2959 560 3038; x_wconf 80' lang='lat' dir='ltr'><strong>spectabit</strong></span> <span class='ocrx_word' id='word_1_208' title='bbox 581 2961 677 3043; x_wconf 82' lang='lat' dir='ltr'><strong>caedis</strong></span> <span class='ocrx_word' id='word_1_209' title='bbox 696 2965 834 3021; x_wconf 69' lang='lat' dir='ltr'><strong>acervos!</strong></span> <span class='ocrx_word' id='word_1_210' title='bbox 1084 2967 1136 3017; x_wconf 76' lang='lat'><strong>245</strong></span> 
     </span>
     <span class='ocr_line' id='line_1_33' title="bbox 124 3040 835 3121; baseline 0 -18"><span class='ocrx_word' id='word_1_211' title='bbox 124 3041 246 3112; x_wconf 71' lang='lat' dir='ltr'><strong>dixmat,</strong></span> <span class='ocrx_word' id='word_1_212' title='bbox 271 3048 300 3102; x_wconf 94' lang='lat' dir='ltr'><strong>et</strong></span> <span class='ocrx_word' id='word_1_213' title='bbox 321 3040 430 3103; x_wconf 85' lang='lat' dir='ltr'><strong>dextra</strong></span> <span class='ocrx_word' id='word_1_214' title='bbox 446 3042 600 3105; x_wconf 86' lang='lat' dir='ltr'><strong>discedens</strong></span> <span class='ocrx_word' id='word_1_215' title='bbox 621 3042 728 3121; x_wconf 88' lang='lat' dir='ltr'><strong>inpulit</strong></span> <span class='ocrx_word' id='word_1_216' title='bbox 747 3042 835 3103; x_wconf 88' lang='lat' dir='ltr'><strong>altam</strong></span> 
     </span>
    </p>

    <p class='ocr_par' dir='ltr' id='par_1_14' title="bbox 123 3124 928 3207">
     <span class='ocr_line' id='line_1_34' title="bbox 123 3124 928 3207; baseline 0 -21"><span class='ocrx_word' id='word_1_217' title='bbox 123 3126 195 3186; x_wconf 90' lang='lat' dir='ltr'><strong>baut</strong></span> <span class='ocrx_word' id='word_1_218' title='bbox 213 3126 315 3205; x_wconf 82' lang='lat' dir='ltr'><strong>ignara</strong></span> <span class='ocrx_word' id='word_1_219' title='bbox 335 3126 416 3187; x_wconf 85' lang='lat' dir='ltr'><strong>modi</strong></span> <span class='ocrx_word' id='word_1_220' title='bbox 437 3128 575 3206; x_wconf 87' lang='lat' dir='ltr'><strong>puppim:</strong></span> <span class='ocrx_word' id='word_1_221' title='bbox 597 3126 671 3203; x_wconf 83' lang='lat' dir='ltr'><strong>fugit</strong></span> <span class='ocrx_word' id='word_1_222' title='bbox 691 3124 740 3187; x_wconf 92' lang='lat' dir='ltr'><strong>illa</strong></span> <span class='ocrx_word' id='word_1_223' title='bbox 759 3145 814 3207; x_wconf 90' lang='lat' dir='ltr'><strong>per</strong></span> <span class='ocrx_word' id='word_1_224' title='bbox 834 3125 928 3187; x_wconf 90' lang='lat' dir='ltr'><strong>undas</strong></span> 
     </span>
    </p>

    <p class='ocr_par' dir='ltr' id='par_1_15' title="bbox 123 3209 850 3290">
     <span class='ocr_line' id='line_1_35' title="bbox 123 3209 850 3290; baseline 0.001 -19"><span class='ocrx_word' id='word_1_225' title='bbox 123 3211 206 3271; x_wconf 90' lang='lat' dir='ltr'><strong>ocior</strong></span> <span class='ocrx_word' id='word_1_226' title='bbox 228 3216 258 3272; x_wconf 88' lang='lat' dir='ltr'><strong>et</strong></span> <span class='ocrx_word' id='word_1_227' title='bbox 278 3209 373 3272; x_wconf 90' lang='lat' dir='ltr'><strong>iaculo</strong></span> <span class='ocrx_word' id='word_1_228' title='bbox 396 3219 425 3272; x_wconf 93' lang='lat' dir='ltr'><strong>et</strong></span> <span class='ocrx_word' id='word_1_229' title='bbox 445 3218 548 3273; x_wconf 81' lang='lat' dir='ltr'><strong>ventos</strong></span> <span class='ocrx_word' id='word_1_230' title='bbox 571 3217 715 3290; x_wconf 77' lang='lat' dir='ltr'><strong>aequmue</strong></span> <span class='ocrx_word' id='word_1_231' title='bbox 736 3212 850 3288; x_wconf 85' lang='lat' dir='ltr'><strong>sagitta.</strong></span> 
     </span>
    </p>

    <p class='ocr_par' dir='ltr' id='par_1_16' title="bbox 122 3293 917 3376">
     <span class='ocr_line' id='line_1_36' title="bbox 122 3293 917 3376; baseline -0.001 -20"><span class='ocrx_word' id='word_1_232' title='bbox 122 3293 192 3356; x_wconf 77' lang='lat' dir='ltr'><strong>iride</strong></span> <span class='ocrx_word' id='word_1_233' title='bbox 214 3293 287 3359; x_wconf 82' lang='lat' dir='ltr'><strong>aliae</strong></span> <span class='ocrx_word' id='word_1_234' title='bbox 306 3293 435 3357; x_wconf 88' lang='lat' dir='ltr'><strong>celerant</strong></span> <span class='ocrx_word' id='word_1_235' title='bbox 460 3313 574 3359; x_wconf 81' lang='lat' dir='ltr'><strong>cursus.</strong></span> <span class='ocrx_word' id='word_1_236' title='bbox 607 3301 704 3374; x_wconf 91' lang='lat' dir='ltr'><strong>stupet</strong></span> <span class='ocrx_word' id='word_1_237' title='bbox 724 3296 833 3356; x_wconf 87' lang='lat' dir='ltr'><strong>inscius</strong></span> <span class='ocrx_word' id='word_1_238' title='bbox 854 3295 917 3376; x_wconf 86' lang='lat' dir='ltr'><strong>ipse</strong></span> 
     </span>
    </p>

    <p class='ocr_par' dir='ltr' id='par_1_17' title="bbox 123 3378 1136 3545">
     <span class='ocr_line' id='line_1_37' title="bbox 123 3378 1136 3451; baseline -0.001 -11"><span class='ocrx_word' id='word_1_239' title='bbox 123 3379 198 3440; x_wconf 87' lang='lat' dir='ltr'><strong>Tros</strong></span> <span class='ocrx_word' id='word_1_240' title='bbox 221 3378 424 3451; x_wconf 53' lang='lat' dir='ltr'><strong>Anchisiaden</strong></span> <span class='ocrx_word' id='word_1_241' title='bbox 444 3382 558 3444; x_wconf 91' lang='lat' dir='ltr'><strong>animos</strong></span> <span class='ocrx_word' id='word_1_242' title='bbox 574 3388 673 3442; x_wconf 86' lang='lat' dir='ltr'><strong>tamen</strong></span> <span class='ocrx_word' id='word_1_243' title='bbox 693 3382 791 3442; x_wconf 89' lang='lat' dir='ltr'><strong>omine</strong></span> <span class='ocrx_word' id='word_1_244' title='bbox 813 3378 896 3441; x_wconf 82' lang='lat' dir='ltr'><strong>toltit.</strong></span> <span class='ocrx_word' id='word_1_245' title='bbox 1083 3385 1136 3439; x_wconf 75' lang='lat' dir='ltr'><strong>too</strong></span> 
     </span>
     <span class='ocr_line' id='line_1_38' title="bbox 123 3463 951 3545; baseline -0.001 -19"><span class='ocrx_word' id='word_1_246' title='bbox 123 3473 186 3526; x_wconf 91' lang='lat' dir='ltr'><strong>tum</strong></span> <span class='ocrx_word' id='word_1_247' title='bbox 208 3463 337 3526; x_wconf 85' lang='lat' dir='ltr'><strong>breviter</strong></span> <span class='ocrx_word' id='word_1_248' title='bbox 358 3481 448 3542; x_wconf 89' lang='lat' dir='ltr'><strong>super</strong></span> <span class='ocrx_word' id='word_1_249' title='bbox 470 3473 623 3544; x_wconf 89' lang='lat' dir='ltr'><strong>aspectans</strong></span> <span class='ocrx_word' id='word_1_250' title='bbox 646 3483 775 3526; x_wconf 81' lang='lat' dir='ltr'><strong>convexa</strong></span> <span class='ocrx_word' id='word_1_251' title='bbox 796 3471 951 3545; x_wconf 87' lang='lat' dir='ltr'><strong>precatur:</strong></span> 
     </span>
    </p>

    <p class='ocr_par' dir='ltr' id='par_1_18' title="bbox 124 3548 908 3629">
     <span class='ocr_line' id='line_1_39' title="bbox 124 3548 908 3629; baseline -0.004 -17"><span class='ocrx_word' id='word_1_252' title='bbox 124 3549 216 3612; x_wconf 77' lang='lat' dir='ltr'><strong>&lt;alma</strong></span> <span class='ocrx_word' id='word_1_253' title='bbox 238 3566 345 3628; x_wconf 89' lang='lat' dir='ltr'><strong>parens</strong></span> <span class='ocrx_word' id='word_1_254' title='bbox 365 3548 451 3612; x_wconf 90' lang='lat' dir='ltr'><strong>Idaea</strong></span> <span class='ocrx_word' id='word_1_255' title='bbox 473 3548 569 3620; x_wconf 87' lang='lat' dir='ltr'><strong>deum,</strong></span> <span class='ocrx_word' id='word_1_256' title='bbox 593 3550 641 3610; x_wconf 92' lang='lat' dir='ltr'><strong>cui</strong></span> <span class='ocrx_word' id='word_1_257' title='bbox 662 3549 804 3629; x_wconf 74' lang='lat' dir='ltr'><strong>Dindyma</strong></span> <span class='ocrx_word' id='word_1_258' title='bbox 826 3549 908 3610; x_wconf 86' lang='lat' dir='ltr'><strong>cordi</strong></span> 
     </span>
    </p>
   </div>
   <div class='ocr_carea' id='block_1_6' title="bbox 0 0 1260 4096">
    <p class='ocr_par' dir='ltr' id='par_1_19' title="bbox 0 0 1260 4096">
     <span class='ocr_line' id='line_1_40' title="bbox 0 0 1260 4096; baseline 0 0"><span class='ocrx_word' id='word_1_259' title='bbox 0 0 1260 4096; x_wconf 95' lang='lat' dir='ltr'><strong> </strong></span> 
     </span>
    </p>
   </div>
  </div>
 </body>
</html>
