2512 4096
130 260 193 325 361
445 273 476 321 r.
498 273 642 321 11111111
662 271 817 322 1111111111

130 429 179 490 hic
201 435 230 489 et
251 425 384 488 Tantalei
406 429 524 505 generis
546 427 649 499 decus,
673 426 787 506 amplus
808 426 924 497 Atrida,
1027 499 1030 503 p

130 511 256 579 adsidet,
278 511 417 588 Argivum
438 508 552 582 lumen,
575 529 633 590 quo
654 498 771 571 llamma
794 517 921 588 regente
1104 521 1148 575 eat

130 594 215 655 Doris
236 594 442 654 Erichthonius
463 596 622 673 prostravit
642 593 773 654 funditus
796 610 890 655 arces.

129 676 257 738 reddidit
277 677 336 737 heu
358 678 462 738 Graius
483 695 594 756 poenas
615 676 682 747 tibi,
706 677 810 745 Troia,
832 679 948 750 ruenti,

129 760 370 839 Hellespontiacis
392 760 525 821 obiturus
547 760 674 821 reddidit
696 760 791 821 undis.

128 842 178 904 illa
199 847 278 905 vices
299 844 451 905 hominum
473 851 577 905 testata
592 852 638 904 est
659 845 743 922 copia
765 842 928 921 quondam,

128 944 166 988 ne
188 929 340 1006 quisquam
362 928 499 1007 propriae
521 927 655 988 fortunae
676 943 799 987 munere
821 924 903 987 dives
1062 934 1065 939 '
1106 939 1149 991 eto

127 1011 185 1071 iret
205 1013 356 1071 inevectus
377 1008 491 1071 caelum
512 1028 615 1090 super:
639 1028 727 1070 omne
748 1010 919 1089 propinquo

128 1093 274 1172 frangitur
294 1092 420 1153 invidiae
443 1090 502 1154 telo
524 1093 623 1155 decus.
645 1092 708 1152 ibat
728 1094 760 1153 in
782 1091 874 1152 altum

21 1181 31 1190 “
127 1178 170 1236 ris
191 1178 296 1254 hglva
317 1185 422 1256 petens
443 1177 568 1255 patriam
591 1177 738 1256 ditataque
759 1174 871 1255 praeda

128 1261 204 1321 arcis
224 1260 448 1330 Erichthoniae;
472 1277 571 1320 comes
592 1259 661 1320 huie
683 1265 747 1320 erat
768 1275 838 1319 aura
860 1261 1001 1322 secunda
1069 1283 1072 1287 ·

126 1361 181 1421 per
201 1341 348 1420 placidum
370 1361 458 1405 cursu
479 1341 614 1422 pelagum
636 1343 740 1404 Nereis
761 1341 798 1402 ab
819 1341 901 1402 unda
1100 1354 1147 1407 341

126 1427 210 1504 signa
232 1426 334 1495 dabat,
357 1444 426 1505 pars
447 1426 562 1487 inllexis
583 1443 673 1504 super
695 1433 760 1487 acta
782 1424 908 1486 carinis:

127 1526 194 1569 cum
216 1527 268 1569 seu
290 1508 408 1570 caelesti
429 1509 489 1570 lato
511 1527 563 1571 seu
585 1509 689 1569 sideris
711 1516 778 1569 ortu

127 1591 255 1670 undique
276 1599 406 1652 mutatur
428 1592 501 1653 caeli
521 1595 614 1663 nitor,
637 1594 735 1653 omnia
758 1590 859 1660 rantis,

126 1675 224 1735 omnia
245 1673 411 1735 turbinibus
432 1682 501 1735 eunt
521 1677 616 1736 anxia.
639 1677 698 1735 iam
720 1676 810 1736 maris
832 1673 912 1734 unda

126 1756 272 1818 sideribus
293 1763 388 1818 certat
408 1760 725 1838 consurgere‚iamque
747 1774 876 1837 superne
1096 1769 1143 1822 3111

125 1841 276 1920 corripere
297 1847 327 1901 et
347 1839 418 1902 eolis
439 1848 469 1902 et
489 1840 586 1902 sidera
608 1848 712 1902 cuneta
734 1843 864 1903 minatur

125 1941 159 1984 ac
180 1942 269 1986 ruere
289 1925 321 1984 in
344 1931 437 1985 terras
459 1923 533 1985 caeli
554 1924 664 2003 fragor.
687 1925 736 1986 hic
757 1923 844 1985 modo
867 1923 947 1986 laeta

125 2009 209 2086 eopia
230 2024 309 2068 nunc
330 2009 446 2068 miseris
468 2009 668 2070 circumdatur
690 2009 775 2069 anxia
796 2007 864 2068 latis

123 2090 338 2170 hmontmque
359 2109 449 2170 super
470 2091 575 2152 duetus
598 2099 628 2152 et
648 2110 716 2154 saxa
739 2091 884 2169 Capherei
925 2097 933 2105 '

123 2172 267 2234 Euboicas
289 2181 339 2235 aut
359 2192 414 2252 por
435 2182 535 2236 cautes
555 2176 727 2254 Aegaeaque
749 2173 807 2235 late
1093 2184 1139 2237 311

123 2253 226 2327 htora,
250 2274 317 2317 cum
338 2256 483 2335 rnygrae
505 2260 614 2336 passim
636 2276 709 2337 vaga
731 2257 840 2336 praeda
862 2268 1044 2340 peremptae

122 2338 244 2400 fluctuat
265 2341 361 2401 omnis
381 2343 413 2400 in
436 2359 582 2421 aequoreo
604 2341 752 2420 navifraga
767 2346 872 2402 tractu.

122 2421 171 2482 hic
193 2420 242 2482 alii
263 2423 363 2484 sidunt
384 2423 493 2503 pariles
514 2426 629 2486 virtutis
650 2425 764 2486 honore

122 2504 229 2566 heroes
250 2508 414 2587 mediisque
434 2509 484 2568 siti
505 2516 574 2568 sunt
595 2506 714 2569 sedibus
736 2524 846 2577 omnes,

122 2589 217 2649 omnis
244 2588 338 2650 lloma
368 2589 459 2652 decus
487 2592 587 2667 magni
609 2610 682 2671 quos
703 2591 826 2669 suspicit
846 2589 938 2652 111111.

121 2671 170 2731 hie
192 2669 274 2731 Fabii
296 2670 449 2749 Deciique‚
473 2673 522 2732 hic
544 2680 589 2733 est
611 2680 641 2734 et
660 2673 779 2735 lloratia
805 2669 907 2740 virtus,

121 2753 169 2813 hic
192 2761 221 2813 et
242 2753 320 2814 lama
341 2760 423 2814 retus
444 2772 603 2833 numquam
625 2757 768 2815 moritura
790 2752 912 2825 Camilli,

122 2836 239 2897 Curtius
261 2845 290 2897 et
311 2837 416 2898 mediis
438 2856 525 2918 quem
548 2837 694 2916 quondam
717 2837 835 2899 sedibus
856 2836 940 2898 urbis

121 2918 257 2980 devotum
279 2918 366 2981 tellus
389 2922 569 3000 consumpsit
590 2923 713 3001 gurgitis
734 2921 822 2990 unda,
863 2934 870 2946 ·

120 3003 233 3064 Mucius
254 3010 283 3063 et
304 3003 435 3084 prudens
457 3003 593 3066 ardorem
616 3023 739 3087 corpore
761 3021 873 3083 passus,

120 3084 262 3146 limitibus
285 3090 373 3148 cessit
395 3091 443 3148 cui
464 3089 556 3149 fracta
578 3091 708 3168 potentia
730 3089 822 3165 regis:

120 3166 169 3227 hic
191 3169 296 3230 Curius
318 3170 414 3231 clarae
436 3175 532 3232 socius
555 3173 669 3233 virtutis
691 3180 721 3232 et
741 3170 791 3231 ille

119 3245 278 3315 Caecilius,
302 3246 407 3309 devota
428 3248 510 3312 dedit
533 3256 584 3329 qui
607 3273 733 3334 corpora
754 3254 901 3325 flammae,

120 3332 331 3417 Spipiadaeque
353 3334 455 3408 duces,
479 3353 604 3416 quorum
627 3338 729 3399 devota
752 3336 907 3415 triumphis

118 3417 234 3475 moenia
255 3433 307 3476 rae
329 3419 439 3496 rapidis
460 3418 586 3497 Libycae
607 3421 794 3498 Karthaginis
815 3420 949 3482 horrent.

118 3499 183 3557 lure
204 3499 294 3574 igitur
316 3499 389 3561 tales
410 3501 495 3563 sedes
516 3503 633 3580 pietatis
653 3503 799 3570 honorest
