2512 4096
464 244 609 294 VERGILI
630 244 755 294 ultuma
777 245 805 294 11

166 399 242 462 Hine
263 399 344 462 16666
368 402 506 480 aeeingor
521 419 626 463 rursus
647 400 801 480 elipeoque
823 399 969 460 sinistram

125 482 304 546 insertabam
324 489 427 562 aptans
446 502 554 564 meque
576 491 658 547 extra
675 491 753 545 taeta
774 482 917 544 ferebam.

125 562 195 630 'eeee
214 573 313 629 autem
335 567 486 647 complexa
507 569 598 647 pedes
619 569 649 629 in
670 566 771 629 limine
791 568 918 628 eoniunr

124 648 280 720 haerebat,
303 668 483 733 parvamque
503 654 580 733 patri
599 652 739 715 tendebat
759 650 871 712 iulum:
890 652 896 663 “

126 734 167 795 ‘si
187 735 338 813 periturus
361 735 438 808 abia,
462 744 491 798 et
511 754 566 798 nes
587 755 659 817 rape
679 737 710 797 in
732 736 828 796 omnia
849 741 962 804 teeum:
1091 741 1141 798 676

124 818 170 879 sin
188 817 316 898 aliquam
339 827 477 897 expertus
496 823 620 901 sumptis
640 838 723 901 spem
744 821 830 900 ponis
851 819 882 879 iu
900 820 1003 891 666616,

124 900 202 963 hane
220 902 350 980 primum
371 910 468 967 tutare
491 903 621 967 demum.
666 906 713 965 eui
733 920 839 983 parvos
860 901 955 972 iulus,

125 986 174 1046 eui
193 991 278 1062 pater
301 992 330 1046 et
349 988 476 1050 eeniunx
495 988 642 1068 quondam
662 995 713 1049 tua
736 988 812 1049 dieta
833 985 1015 1067 relinqueri'

166 1067 248 1130 ’16116
270 1071 435 1132 6661166666
453 1074 561 1152 gemitu
584 1080 694 1134 tectum
721 1090 807 1134 omne
828 1069 975 1151 replebat,

125 1169 193 1214 eum
211 1151 342 1214 subitum
362 1154 500 1234 dictuque
522 1158 615 1217 oritur
636 1154 770 1217 6616611116
790 1161 964 1216 maumam.
1091 1162 1143 1217 666

124 1252 252 1316 namque
273 1254 377 1299 manus
398 1239 474 1300 inter
492 1245 731 1318 maestorumque
750 1255 803 1299 ora
823 1244 978 1318 parentum

123 1337 194 1381 eeee
214 1319 286 1382 levis
307 1338 422 1382 summo
440 1322 477 1383 de
497 1324 607 1384 vertice
630 1324 709 1383 visus
729 1321 784 1384 luli

124 1402 249 1465 fundere
267 1402 367 1467 lumen
389 1422 478 1483 apex,
498 1412 638 1484 tactuque
655 1407 774 1467 innoxia
793 1403 889 1465 mollis

125 1485 256 1549 lambere
278 1485 394 1549 flamma
416 1506 514 1551 eomas
535 1496 565 1550 et
585 1490 695 1550 eireum
716 1496 851 1568 tempora
872 1488 962 1567 pasei.

124 1587 178 1630 nes
198 1570 295 1649 paridi
311 1572 460 1651 trepidare
480 1580 576 1644 metu,
600 1574 771 1653 crinemque
792 1571 964 1650 flagrantem
1091 1583 1141 1638 666

125 1660 263 1716 exentera
284 1661 314 1716 et
334 1664 450 1718 sanetus
471 1658 655 1737 restinguere
675 1656 805 1719 fontibus
825 1658 918 1736 ignes.

125 1743 153 1800 at
174 1744 259 1816 pater
279 1739 421 1802 Anchises
438 1741 539 1803 oeulos
561 1740 598 1802 ad
618 1741 714 1803 sidera
733 1741 827 1803 laetus

125 1820 239 1895 extulit,
263 1830 293 1884 et
309 1823 392 1886 eaelo
412 1825 526 1905 palmas
548 1844 615 1887 eum
636 1843 708 1888 voce
728 1825 867 1887 tetenditz

124 1904 271 1984 ‘luppiter
293 1910 492 1986 omnipotens,
511 1909 650 1988 precibus
672 1910 697 1969 si
715 1909 843 1970 ileeteris
865 1905 946 1977 ullis,

125 1989 223 2065 aspiee
244 2007 299 2051 nos
320 1991 378 2052 hoe
394 2000 522 2062 tantum;
546 1999 591 2063 et,
612 1994 639 2052 si
659 1993 767 2070 pietate
787 2005 952 2057 meremur,
1090 1999 1141 2053 666

125 2068 162 2131 16
181 2070 286 2134 deinde
311 2076 481 2152 augurium,
502 2082 603 2154 pater,
626 2081 714 2153 atque
734 2072 809 2133 haee
828 2072 925 2131 ondna
945 2068 1055 2132 firma!

165 2153 218 2216 Vir
240 2175 274 2218 ea
294 2156 371 2218 fatus
392 2166 456 2218 erat
476 2159 592 2226 senior,
614 2156 770 2232 subitoque
790 2155 909 2232 fragore

123 2241 250 2300 intonuit
269 2238 399 2307 laevem,
423 2246 452 2300 et
470 2240 507 2300 de
528 2236 609 2299 eaelo
630 2237 711 2315 lapsa
730 2254 785 2315 per
807 2235 928 2298 umbras

122 2321 205 2384 stella
227 2323 322 2384 166666
350 2323 461 2383 dueens
483 2319 576 2382 muita
597 2338 664 2382 eum
682 2320 749 2381 luee
771 2325 910 2382 eueurrit.
995 2377 998 2383 ,

122 2405 217 2476 illam,
242 2422 356 2466 summa
376 2423 465 2484 super
487 2403 634 2467 labentem
656 2403 783 2465 eulmina
804 2406 888 2476 teeti,
1088 2416 1140 2471 666

122 2491 272 2550 cernimus
292 2488 378 2551 idaea
400 2488 509 2552 elaram
531 2507 564 2551 se
585 2488 714 2550 eendere
734 2488 805 2550 silva

121 2576 345 2653 signantemque
365 2575 441 2643 riam
464 2580 527 2636 tum
547 2572 636 2653 longe
656 2572 749 2634 limite
770 2572 870 2636 suleus

122 2657 173 2718 dat
188 2655 301 2729 lueem,
324 2666 352 2720 et
370 2656 428 2720 late
450 2660 562 2719 eireum
582 2657 647 2719 1666
669 2655 790 2735 sulpure
805 2657 928 2719 fumant.

124 2739 173 2800 hie
193 2760 264 2803 vero
287 2743 380 2804 rietus
401 2745 517 2822 genitor
537 2760 570 2804 se
590 2740 694 2804 6611666
714 2741 752 2804 nd
773 2759 873 2803 auras:

121 2823 296 2903 adfaturque
317 2826 388 2886 deos
410 2832 439 2887 et
459 2833 594 2888 sanetum
615 2826 695 2887 sidus
717 2824 828 2887 aderat.
1088 2833 1140 2889 166

123 2906 275 2965 ‘iamiam
295 2905 375 2967 nulla
397 2913 525 2976 morast;
547 2925 657 2987 sequor
676 2913 706 2967 et
727 2926 784 2986 qua
806 2908 911 2970 dueitis
932 2907 1043 2968 adsum.

123 2987 153 3047 di
173 2988 274 3064 patrii,
296 2994 411 3049 servate
431 2989 565 3058 domum,
586 2997 701 3051 servate
720 2998 867 3066 nepotem.

122 3076 252 3132 vestrum
273 3070 331 3132 hee
352 3071 524 3150 augurium,
547 3079 704 3150 vestroque
722 3072 752 3131 in
773 3075 893 3135 numine
913 3074 1036 3136 ’1661666

124 3153 197 3215 eedo
219 3155 356 3234 equidem
373 3173 444 3227 nee,
466 3162 549 3227 nate,
571 3155 624 3216 tibi
645 3170 745 3216 eomes
763 3155 808 3218 ire
828 3156 959 3220 recuse’

123 3238 237 3299 dixerat
254 3237 318 3309 ille,
342 3247 371 3302 66
390 3241 447 3302 iam
469 3256 525 3319 per
544 3241 662 3302 moenia
684 3238 790 3300 6166166
806 3241 882 3319 ignis
1088 3253 1138 3306 766

123 3320 255 3393 auditur,
280 3327 461 3404 propiusque
483 3331 581 3387 aestus
602 3322 736 3386 incendia
756 3323 882 3387 volvont.

124 3416 210 3484 ‘ergo
233 3424 302 3485 age,
324 3425 391 3471 6666
410 3415 509 3488 pater,
532 3409 639 3472 eerriei
658 3410 802 3489 inponere
823 3415 958 3482 nostram

122 3491 186 3570 ipse
208 3488 314 3551 subibo
337 3493 461 3565 umeris,
481 3511 539 3557 nee
559 3511 607 3556 me
629 3491 713 3555 labor
736 3493 792 3556 iste
812 3493 952 3574 gravabit.
