2512 4096
415 363 740 413 multumt·

63 519 189 589 arduus,
212 519 394 598 effractoque
412 517 503 579 inlisit
523 524 555 579 in
575 537 643 580 ossa
666 518 806 579 cerebro:

61 603 205 663 sternitur
226 603 427 679 exanimisque
444 611 576 663 tranent
592 601 763 679 procumbit
783 601 865 660 bnmi
887 600 953 659 bos.

60 683 111 746 ille
133 702 224 763 super
240 685 307 745 talis
330 685 451 746 effundit
469 695 592 764 pectore
614 704 718 745 roceo:

76 766 156 830 hanc
176 768 242 839 tibi,
266 769 360 848 Hryx,
379 768 531 830 meliorem
551 771 681 829 animam
698 786 754 845 pro
773 778 871 827 morte
891 767 1002 826 iterun

60 851 213 930 persolvo;
234 851 284 914 bic
306 853 402 912 victor
422 862 538 914 caesus
556 862 713 930 artemque
732 850 871 930 rqoono!

104 935 242 996 Protinus
265 936 380 995 Aeneas
400 936 489 998 celeri
509 945 625 996 sonare
646 936 751 1011 sagitta

58 1020 161 1079 invitat
182 1020 233 1097 qui
249 1021 327 1079 lorte
348 1017 451 1090 velint,
474 1030 505 1081 et
521 1021 654 1097 praemia
675 1019 760 1085 dicit,

60 1103 230 1198 'urgentique
250 1119 342 1163 mann
363 1101 472 1163 malum
493 1103 532 1163 de
552 1121 627 1163 nare
647 1103 759 1162 Seresti

60 1186 147 1263 erigit
168 1194 198 1246 et
213 1185 366 1246 volucrem
386 1190 510 1248 traiecto
530 1188 562 1246 in
583 1189 655 1247 mne
679 1183 862 1247 columbam.

58 1285 118 1348 qno
138 1267 260 1329 tendant
280 1269 410 1339 lurum,
432 1270 510 1330 malo
528 1270 681 1347 suspendit
700 1268 738 1329 ab
758 1267 826 1327 alto.

64 1369 226 1413 ,onvenere
243 1353 313 1421 viri,
337 1353 539 1432 deiectamque
559 1372 647 1414 aerea
666 1362 778 1412 sortem

57 1435 173 1512 accepit
191 1434 291 1514 galea;
312 1444 343 1496 et
364 1438 477 1514 primus
495 1436 625 1497 elamore
645 1435 776 1497 soenndo

56 1516 234 1597 Hyrtacidae
255 1526 326 1580 ante
347 1522 443 1579 omnis
460 1522 521 1580 exit
541 1519 626 1581 locus
647 1519 863 1596 Hippocoontis.

58 1618 149 1680 quem
169 1602 258 1662 modo
277 1601 374 1663 navali
393 1604 565 1664 llnestbens
584 1605 745 1664 aeramine
761 1603 852 1662 rittor

58 1686 262 1763 consequitur,
284 1685 371 1747 viridi
392 1686 561 1748 linestbens
580 1689 712 1748 er‘nrctus
730 1684 810 1745 olira

57 1769 161 1830 tertius
179 1768 338 1849 Eurytion,
360 1778 428 1831 tuus
448 1791 467 1831 o
489 1770 651 1832 darssme
668 1771 760 1830 irater

57 1850 205 1923 rendae,
227 1855 277 1932 qni
299 1854 461 1933 qnondam,
482 1857 582 1916 inssns
601 1854 782 1915 contundere
801 1853 922 1919 loedns.

61 1936 91 2002 in
114 1935 229 1997 medios
248 1936 341 1998 telum
355 1940 464 1999 torsisti
485 1940 600 2017 primus
618 1938 752 1998 debitos

58 2026 209 2080 extremus
227 2017 369 2098 galeaque
390 2023 448 2082 inna
470 2021 604 2083 subsedit
623 2026 758 2087 tm.

55 2119 147 2162 ausus
166 2110 196 2162 et
214 2104 277 2178 ipse
296 2121 385 2163 manu
404 2106 543 2167 insenum
561 2114 708 2183 temptare
726 2102 866 2165 laborm

56 2194 123 2245 tum
145 2183 248 2244 validis
267 2185 363 2245 llexos
381 2188 536 2248 incurrant
554 2188 669 2247 siribns
689 2203 776 2245 aruns

53 2287 113 2347 pro
136 2286 168 2330 se
191 2268 318 2345 quisque
338 2269 394 2329 riri
411 2280 441 2330 et
461 2271 640 2349 depromunt
658 2268 717 2329 tela
733 2269 889 2345 pharetris.

53 2352 212 2433 primaque
232 2368 289 2429 per
310 2349 424 2413 caelum
442 2371 536 2414 nmo
555 2353 698 2414 stridente
716 2354 816 2431 sagina

53 2435 232 2515 Hyrtacidae
248 2435 363 2495 iuvenis
382 2436 510 2498 volucris
531 2437 698 2498 diverberat
717 2455 814 2505 auras:

55 2526 85 2580 ct
102 2520 181 2580 venit
203 2519 377 2597 adversique
397 2521 528 2600 infigitur
546 2521 655 2582 arbore
674 2519 752 2581 mali.

56 2603 206 2665 nnenuit
222 2601 318 2662 malus
352 2605 506 2682 timuitque
528 2606 669 2667 exterrita
689 2605 785 2682 pinnis

55 2683 116 2746 ales
138 2685 184 2770 [et
202 2687 314 2763 ingenti
335 2699 498 2749 sonuerunt
519 2691 618 2750 omnia
639 2686 768 2768 plausu}

53 2776 122 2847 post
143 2787 212 2829 acer
231 2769 399 2832 llnestbeus
418 2772 548 2834 adducto
569 2774 698 2834 constitit
717 2790 803 2841 arun,

55 2849 113 2912 alta
128 2859 249 2930 petens,
269 2855 437 2935 pariterque
458 2857 561 2918 ocsrlos
579 2856 731 2934 telumque
750 2858 882 2917 tetetd't

56 2941 101 2996 ast
121 2936 214 3014 ipsam
232 2936 419 2999 miserandus
435 2960 519 3002 asem
537 2942 709 3017 contingere
729 2941 807 3000 lerro

56 3035 117 3078 non
139 3018 240 3080 valuit:
262 3021 359 3082 nodos
378 3031 408 3082 et
426 3025 541 3084 vinceda
562 3023 639 3084 linea
660 3024 754 3099 rupit,

56 3102 122 3182 quis
143 3103 249 3165 innexa
268 3106 375 3183 pedem
395 3106 473 3167 malo
492 3107 643 3183 pendebat
662 3104 700 3165 ab
722 3105 794 3174 alto;

54 3183 102 3248 ula
123 3194 211 3248 notos
230 3195 317 3268 atque
339 3189 396 3251 alta
415 3190 517 3251 solans
537 3192 569 3251 in
588 3188 689 3250 nubila
711 3188 792 3266 ingit

55 3278 117 3332 tum
138 3272 274 3350 rapidus,
296 3275 458 3335 iandndum
478 3294 553 3336 aron
574 3280 712 3335 contenta
733 3284 833 3350 parato

54 3354 111 3418 tola
132 3363 252 3425 tenens,
273 3357 396 3420 fratrem
417 3359 559 3439 Eurytion
577 3361 610 3419 in
627 3366 693 3416 sota
714 3358 839 3421 vocarit.

55 3442 112 3501 iam
134 3458 229 3500 vacuo
244 3438 349 3503 laetam
370 3444 452 3505 caelo
472 3442 656 3521 spemlatus,
678 3449 709 3501 et
728 3439 781 3500 alis

53 3524 245 3607 plaudentem
265 3527 349 3602 nigra
370 3528 432 3606 tigit
447 3526 504 3589 snb
525 3526 608 3587 nube
624 3522 801 3585 columbam

53 3609 162 3673 decidit
188 3608 328 3670 exanimis
347 3611 493 3700 uitamque
513 3607 633 3686 reliquit
653 3607 684 3665 in
705 3608 791 3666 astris
