2512 4096
519 250 732 300 chrannum.

122 408 229 471 videbo
251 406 409 469 habentem
430 413 549 486 praeter
570 407 690 484 ignavos
712 404 786 466 n1hrl

166 493 273 553 iratres
295 501 324 552 ct
344 492 452 551 iratum
474 489 572 550 lovem

122 577 306 655 scissumque
328 580 461 636 ventrem
484 580 514 634 et
534 573 667 634 herniosi
688 571 786 652 patrui

166 659 257 738 pedes
278 657 376 718 inedia
398 655 540 735 tingidos.

608 806 654 866 vi.

123 911 155 972 Si
176 908 249 970 mihi
270 915 439 987 susceptum
460 907 549 969 fuerit
570 908 729 968 decurrere
750 922 866 974 munus,

166 1013 183 1054 o
205 990 345 1070 Paphon,
368 1011 385 1052 o
408 990 492 1053 sedes
514 1010 588 1072 quae
610 988 682 1052 eolis
704 988 818 1059 idalias,

124 1076 232 1137 Troius
253 1076 367 1136 Aeneas
388 1075 520 1136 Romana
541 1093 596 1155 per
618 1074 725 1154 oppida
746 1073 835 1151 digno

165 1161 224 1220 iam
247 1159 366 1219 tandem
387 1166 421 1219 ut
441 1166 538 1219 tecum
561 1160 691 1219 carmine
713 1163 812 1218 vectus
834 1161 894 1216 cet:

125 1261 185 1305 non
209 1259 263 1319 ego
286 1250 351 1302 ture
373 1242 461 1302 modo
484 1250 534 1302 aut
554 1244 633 1321 picta
654 1247 704 1302 tna
727 1239 835 1318 templa
857 1237 962 1299 tabella
1118 1245 1134 1292 5

167 1324 279 1386 ornabo
302 1332 332 1386 et
352 1326 435 1404 puris
455 1332 533 1386 serta
555 1325 648 1385 ieram
669 1323 819 1391 manibus;

125 1410 263 1486 corniger
287 1442 323 1453 —
347 1407 427 1469 haud
440 1411 517 1469 aries
538 1408 671 1479 humilis,
695 1411 746 1470 sed
761 1407 886 1468 maxima
910 1413 1011 1467 taurus

167 1492 285 1553 victima
306 1499 438 1553 sacratos
459 1500 579 1571 sparget
599 1493 714 1553 honore
735 1491 826 1561 focos,

125 1592 367 1654 marmoreusque
388 1575 455 1647 tihi,
478 1576 547 1646 dea,
569 1575 650 1637 mille
671 1573 819 1636 coloribus
841 1573 900 1635 ales

168 1661 199 1719 in
220 1677 334 1719 morem
355 1660 433 1737 picta
455 1658 542 1720 stabit
562 1660 653 1721 Amor
673 1659 821 1739 pharetra.

126 1743 218 1813 adsis,
241 1759 258 1801 o
281 1741 438 1819 Cytherea:
461 1751 529 1804 tuus
551 1751 580 1804 te
603 1745 711 1806 Caesar
732 1740 856 1820 Olympo

169 1833 198 1887 et
219 1825 389 1886 Surrentini
410 1825 503 1888 litoris
526 1846 578 1888 ora
600 1835 692 1889 vocat.

168 2076 211 2136 lte
233 2076 319 2145 hino,
341 2077 459 2144 inanes,
482 2078 538 2146 ite,
560 2076 712 2136 rhetorum
736 2074 889 2154 amprdiae,

126 2158 226 2219 inflata
248 2176 317 2218 rore
338 2177 399 2219 non
420 2159 548 2219 Achaico
569 2157 674 2227 verba;

128 2251 157 2303 et
178 2258 245 2311 vos,
269 2240 402 2324 Stiloquc
423 2243 616 2322 Tarquitique
639 2242 798 2321 varroque,

109 2379 110 2382 ,
127 2324 369 2387 scholasticorum
390 2327 471 2386 natio
492 2324 614 2387 madens
636 2325 747 2403 pingui,

127 2412 168 2470 ite
189 2409 274 2480 hinc,
297 2410 385 2470 inane
408 2407 563 2488 cymbalon
584 2409 751 2469 iuventutis.

128 2501 232 2572 tuque,
256 2512 274 2552 o
296 2510 429 2554 mearum
451 2510 537 2563 cura,
561 2493 664 2564 Sexte,
688 2509 836 2562 curarum,

127 2575 205 2646 vale,
228 2575 353 2647 Sabine;
375 2577 433 2638 iam
456 2575 564 2647 valete,
587 2576 719 2637 formosi.

127 2677 182 2720 nos
203 2659 241 2719 ad
262 2659 364 2721 beatos
385 2659 448 2721 vela
471 2661 613 2721 mittimus
633 2667 745 2739 portus,

128 2745 227 2821 magni
249 2751 383 2823 petentes
405 2743 492 2805 docta
514 2745 591 2806 diota
619 2744 743 2812 Sironis,

127 2827 274 2905 uitamque
296 2827 333 2887 ab
355 2830 437 2889 omni
457 2827 670 2889 vindicabimus
692 2845 773 2887 cura.

128 2911 168 2969 ite
191 2908 277 2978 hinc,
301 2926 454 2978 camenae,
477 2928 529 2969 vos
551 2927 668 2987 quoque
689 2911 730 2969 ite
751 2910 825 2979 iam,
849 2926 919 2970 sane

129 2990 230 3051 dulces
252 3009 391 3053 camenae
414 2991 492 3069 (nam
514 2991 673 3052 fatebimur
693 3007 806 3061 verum,

130 3074 230 3136 dulces
251 3075 369 3155 inistis):
393 3081 423 3136 et
444 3083 542 3146 tamen
564 3091 645 3135 meas
666 3073 783 3134 chartas

129 3159 294 3230 censitote,
316 3159 369 3220 sed
390 3157 536 3239 pudenter
559 3164 589 3219 et
609 3174 687 3218 raro.

602 3309 664 3371 viil

173 3408 299 3471 Sabinus
319 3409 383 3480 ille,
407 3430 495 3490 quem
518 3411 635 3482 ridetis,
659 3356 799 3489 hospites,

129 3495 170 3556 ait
190 3493 264 3554 fuiss
302 3493 393 3555 mulio
416 3495 597 3566 celerrimus,
