2512 4096
127 251 185 316 112
463 261 607 310 urrann
628 259 753 308 aruris
774 259 802 306 11

124 439 180 481 nec
200 435 288 497 posse
309 416 452 497 Argolicis
474 415 588 476 excindi
612 415 754 493 Pergama
775 412 853 484 telis,

123 505 220 564 emina
238 502 269 562 ni
287 507 422 580 repetant
442 501 528 579 Argis
545 516 713 578 numenque
734 497 890 580 reducant,

124 586 203 666 quod
222 584 326 665 pelago
346 593 374 645 et
398 585 494 646 curris
513 601 613 645 seeum
636 600 759 644 avexere
781 582 895 642 carinis.

124 678 153 732 et
172 688 252 732 nunc
273 669 350 749 quod
370 670 479 747 patrias
499 675 585 728 vento
608 667 720 745 petiere
740 665 892 744 Mycenas,

125 772 207 816 arma
229 754 358 832 deosque
375 760 481 830 parant
501 751 635 820 comites,
657 749 823 829 pelagoque
837 764 973 809 remenso

124 838 263 917 inprovisi
285 836 423 897 aderunt:
443 838 482 896 ita
505 835 610 912 digerit
629 835 726 895 omina
752 832 880 894 Calchas.

124 922 201 982 banc
222 938 277 996 pro
298 918 425 980 Palladio
447 919 564 989 moniti,
587 935 642 996 pro
661 918 781 978 numine
801 916 880 977 laeso

125 1005 252 1081 effigiem
278 1011 422 1074 statuere,
443 1004 526 1065 netas
548 1020 624 1081 quae
640 1004 724 1062 triste
741 1004 843 1080 piaret.

124 1088 201 1148 banc
225 1096 323 1148 tamen
340 1087 503 1148 inmensam
519 1084 640 1147 Calchas
661 1084 793 1148 attollere
815 1082 923 1144 molem
1091 1093 1138 1146 185

125 1170 283 1232 roboribus
304 1171 390 1232 textis
412 1171 552 1251 caeloque
575 1169 701 1232 educere
717 1169 815 1237 iussit,

126 1272 164 1316 ne
185 1255 278 1332 recipi
299 1256 392 1334 portis
414 1264 463 1316 aut
480 1255 548 1316 duci
567 1257 597 1314 in
618 1255 734 1314 moenia
755 1260 854 1331 posset

126 1356 184 1401 neu
205 1338 348 1417 populum
370 1341 487 1416 antiqua
509 1338 564 1399 sub
587 1337 728 1415 religione
747 1338 833 1397 tueri.

126 1439 194 1482 nam
217 1423 241 1481 si
259 1431 353 1483 vestra
377 1440 481 1484 manus
502 1421 638 1483 violasset
655 1421 732 1482 dona
755 1419 909 1488 Minervae,

125 1513 189 1565 tum
211 1522 349 1583 magnum
369 1507 487 1567 exitium
509 1506 598 1584 (quod
619 1504 649 1565 di
669 1506 751 1582 prius
771 1521 857 1564 omen
879 1507 909 1564 in
930 1505 1025 1580 ipsum
1090 1514 1139 1565 190

128 1589 319 1666 convertenti)
340 1589 449 1649 Priami
471 1591 594 1666 imperio
615 1586 839 1666 Phrygibusque
857 1589 1003 1654 iuturum;

128 1673 172 1730 sin
193 1671 328 1732 manibus
348 1673 452 1732 vestris
473 1680 600 1732 vestram
624 1671 803 1732 ascendisset
820 1673 850 1730 in
871 1670 985 1738 urbem,

127 1754 205 1815 ultro
225 1756 322 1815 Asiam
343 1772 449 1833 magno
472 1755 598 1833 Pelopea
620 1755 656 1815 ad
677 1756 792 1815 moenia
813 1753 890 1814 bello

129 1847 294 1908 venturam,
316 1847 345 1899 et
365 1845 482 1898 nostros
503 1856 538 1899 aa
556 1839 615 1898 iata
636 1855 757 1899 manere
777 1835 923 1915 nepotes.'

169 1922 289 1983 Talibus
310 1922 420 1983 insidiis
441 1923 611 2000 periurique
631 1931 693 1982 arte
711 1922 826 1981 Sinonis

129 2006 237 2067 credita
259 2023 322 2076 res,
346 2008 480 2084 captique
502 2005 575 2067 dolis
597 2004 781 2083 lacrimisque
805 2005 913 2065 coactis

83 2098 88 2105 “
128 2108 202 2168 quos
222 2108 319 2168 nequo
339 2089 465 2166 Tydides
488 2108 544 2151 nec
567 2090 720 2150 Larisaeus
741 2086 881 2158 nonnos,

128 2190 187 2233 non
205 2176 273 2235 anni
294 2174 435 2236 domuere
456 2173 573 2244 decem,
595 2190 655 2233 non
675 2168 754 2232 mille
777 2172 902 2233 carinae.

170 2257 224 2317 llic
245 2256 324 2318 aliud
344 2259 439 2317 maius
456 2257 571 2318 miseris
593 2256 743 2334 multoque
763 2256 947 2317 tremendum

129 2340 256 2400 obicitur
278 2340 386 2417 magis,
410 2347 497 2419 atque
518 2340 669 2419 inprovida
692 2346 811 2418 pectora
833 2340 940 2400 turbat.

131 2425 280 2493 Laocoon,
304 2423 409 2484 ductus
429 2423 565 2501 Neptuno
587 2432 667 2484 sorte
687 2423 838 2492 sacerdos,

129 2505 276 2567 sollemnis
296 2513 414 2567 taurum
435 2507 584 2584 ingentem
605 2507 752 2569 mactabat
772 2506 808 2566 ad
831 2523 907 2566 aras.

129 2608 199 2652 ecce
220 2596 317 2651 autem
340 2591 447 2665 gemini
469 2609 484 2648 a
506 2589 625 2652 Tenedo
646 2588 801 2670 tranquilla
826 2589 955 2667 peralta

129 2675 281 2755 (horresco
301 2674 442 2752 reserens)
471 2675 609 2734 inmensis
630 2674 752 2736 orbibus
773 2690 883 2751 angues

128 2756 302 2819 incumbunt
322 2755 441 2833 pelago,
461 2759 629 2836 pariterque
651 2759 687 2819 ad
706 2759 791 2819 litora
813 2757 949 2822 tendunt;

129 2849 248 2919 pectora
271 2857 397 2919 quorum
418 2841 494 2900 inter
515 2841 622 2902 ssuctus
641 2850 756 2903 arrecta
777 2839 921 2919 iubaeque

129 2923 304 3004 sanguineae
324 2931 464 3001 superant
484 2924 592 2994 undas,
615 2943 684 3004 pars
706 2932 803 2987 cetera
823 2931 946 3002 pontum

128 3026 206 3088 pone
227 3008 297 3085 legit
318 3010 472 3085 sinuatque
490 3009 621 3070 inmensa
642 3009 788 3071 volumine
808 3015 899 3086 terga.

128 3093 161 3152 nt
183 3093 295 3152 sonitus
316 3100 470 3169 spumante
491 3093 567 3162 salo;
593 3095 709 3172 iamque
731 3112 799 3154 arva
823 3089 961 3152 tenebant

129 3175 316 3254 ardentisque
338 3174 439 3236 oeulos
462 3177 574 3237 sullecti
594 3178 735 3252 sanguine
758 3184 787 3237 et
805 3176 866 3250 igni
901 3193 907 3202 ·

130 3259 212 3320 sibila
234 3259 401 3320 lambebant
422 3259 528 3338 linguis
548 3258 730 3320 vibrantibus
753 3276 814 3318 ora.

130 3343 297 3419 diffugimus
319 3345 382 3402 visu
402 3361 558 3422 exangues.
602 3341 643 3401 illi
666 3342 781 3420 agmine
803 3348 883 3402 certo

130 3426 295 3486 Laocoonta
314 3433 432 3504 petunt·
455 3436 484 3488 et
501 3426 629 3504 primum
651 3441 740 3502 parra
761 3424 889 3486 duorum

130 3526 256 3588 corpora
276 3517 412 3570 natorum
433 3526 555 3589 serpens
577 3508 727 3588 amplexus
748 3515 872 3586 uterque
