2512 4096
165 241 239 339 262.-
502 248 645 298 venerer
661 247 785 297 annuns
802 248 838 295 rx

110 483 113 488 ,
164 414 254 473 immo
271 406 322 468 ubi
344 406 499 467 defunctae
519 405 607 464 finem
629 411 789 482 portusque
808 401 949 462 tenebunt

165 493 308 554 Ausonios
330 489 409 561 ollm,
431 503 632 569 quaecumque
654 488 776 546 evaserit
796 486 882 546 undis

165 575 402 652 Dardaniumque
421 573 525 632 ducem
546 571 703 643 Laurentia
724 570 835 630 vexerit
856 587 932 636 arva,

165 657 318 720 mortalem
340 659 462 734 eripiam
484 656 607 715 1011112111
631 656 787 732 magnique
805 652 914 713 iubebo

165 744 302 821 aequoris
324 759 388 802 esse
407 740 485 809 deas,
509 737 601 816 qualis
623 737 728 798 Nereia
747 737 821 796 lloto

166 833 194 886 et
216 824 333 889 Galatea
356 831 456 885 secant
476 829 662 900 spumantem
683 828 804 900 pectore
826 829 957 897 pontum.

166 911 279 970 dixerat
300 908 388 987 idque
408 914 506 967 ratum
528 905 619 984 Stygii
640 923 695 983 per
716 905 836 965 flumina
857 904 965 969 fratris,

166 1011 218 1070 per
237 994 303 1070 pice
324 989 463 1050 torrentis
481 996 603 1064 atraque
624 989 763 1066 voragine
782 989 862 1064 ripas

166 1077 266 1138 adnuit
286 1083 315 1135 et
335 1081 429 1134 10111111
447 1079 521 1132 nutu
544 1070 711 1130 tremefecit
732 1069 902 1148 Olympum.

207 1159 286 1236 Ergo
308 1159 409 1218 aderat
430 1156 573 1235 promissa
596 1154 657 1214 dies
681 1161 710 1214 et
733 1162 866 1230 tempora
884 1158 991 1233 parcae

167 1242 264 1303 debita
285 1241 476 1321 complerant,
500 1257 567 1299 cum
586 1237 680 1297 'lurni
702 1238 804 1298 iniuria
824 1237 948 1298 Matrem

166 1327 316 1387 admonuit
337 1324 449 1385 ratibus
467 1325 558 1384 sacris
580 1321 728 1401 depellere
748 1319 855 1381 taedas.

166 1409 213 1470 hic
233 1410 361 1485 primum
383 1426 458 1469 nova
478 1407 529 1468 1111
550 1404 640 1466 oculis
662 1404 770 1466 offulsit
792 1412 821 1465 et
842 1407 945 1482 ingens

166 1495 243 1554 deus
265 1491 301 1551 ab
324 1493 438 1552 Aurora
461 1490 574 1552 eaelum
596 1499 801 1551 transcurrere
822 1488 939 1549 nimbus

165 1576 303 1652 Idaeique
325 1576 424 1643 chori;
446 1581 509 1633 tum
532 1593 587 1633 vox
611 1573 759 1634 horrenda
781 1591 834 1650 per
856 1589 943 1633 auras

167 1658 273 1720 excidit
293 1665 322 1717 et
347 1657 458 1717 Troum
479 1656 714 1735 Rutulorumque
734 1657 848 1734 agmina
871 1655 1012 1736 complet:
1120 1678 1123 1683 ·

167 1752 219 1802 ‘ne
240 1741 384 1821 trepidate
405 1757 495 1814 meas,
517 1739 634 1811 Teucri,
657 1740 815 1801 defendere
836 1742 917 1799 navis

166 1844 239 1888 neve
256 1832 368 1885 armate
389 1841 510 1884 manus:
530 1825 622 1884 maria
643 1831 711 1884 ante
733 1840 856 1884 exurere
878 1823 980 1884 Turno

167 1928 254 1988 quam
276 1926 374 1968 sacras
394 1907 511 1969 dabitur
532 1909 627 1985 pinus.
663 1926 715 1968 vos
736 1907 776 1968 ite
796 1907 917 1970 solutae.

166 1996 205 2054 ite
224 1993 297 2054 deae
318 1990 429 2072 pelagi:
452 1993 583 2069 genetrix
605 1989 705 2052 iubet'
738 1998 767 2052 et
785 2010 837 2052 sua
861 2010 993 2071 quaeque

167 2079 305 2138 continuo
327 2094 442 2156 puppes
464 2075 644 2153 abrumpunt
665 2075 778 2136 vincula
800 2077 870 2153 ripis

169 2160 395 2239 delphinumque
416 2160 504 2221 modo
525 2160 667 2220 demersis
685 2178 813 2238 aequora
833 2162 936 2220 rostris

166 2246 223 2304 ima
244 2251 355 2323 petunt.
390 2245 458 2304 hinc
474 2246 624 2322 virgineae
646 2243 789 2324 (mirabile
810 2253 982 2319 monstrum)
1131 2253 1181 2306 120
1255 2236 1256 2304 l

165 2328 292 2388 reddunt
312 2347 343 2387 se
365 2328 483 2388 totidem
508 2329 596 2388 iacies
617 2335 766 2406 pontoque
784 2327 928 2387 seruntur.
1132 2338 1181 2389 122
1255 2331 1256 2357 l

208 2410 385 2489 Obstipuere
406 2413 510 2471 animle
530 2411 639 2480 Rutuli,
660 2412 837 2472 conterritus
858 2413 921 2490 ipse

165 2493 288 2555 turbatis
305 2495 455 2572 Messapus
475 2489 566 2573 equus,
589 2501 743 2554 cunctatur
766 2501 795 2555 et
816 2496 909 2555 amnis

165 2597 255 2638 rauca
277 2596 385 2636 sonans
407 2584 583 2654 revocatque
604 2577 710 2654 pedem
733 2577 889 2638 Tiberinus
912 2578 948 2636 ab
971 2577 1039 2639 alto.
1131 2587 1180 2639 121

165 2668 195 2722 21
216 2679 276 2721 non
297 2660 400 2720 audaci
419 2660 519 2720 Turno
538 2660 642 2720 fiducia
667 2661 768 2727 cessit;

164 2743 241 2805 111110
261 2745 374 2803 anlmos
395 2741 470 2802 tollit
491 2742 575 2802 dietis
597 2749 683 2820 atque
705 2743 836 2821 increpat
856 2743 933 2805 111110

166 2826 325 2887 ‘Troianos
346 2826 419 2885 haec
441 2832 573 2884 monstra
594 2832 706 2904 petunt,
728 2826 776 2887 his
799 2827 929 2906 luppiter
951 2831 1015 2907 ipse
1068 2846 1071 2851 ’

164 2909 305 2971 auxilium
327 2907 444 2969 solitum
469 2910 584 2987 eripuit,
605 2927 665 2970 non
684 2909 740 2971 tela
763 2929 859 2991 neque
879 2913 962 2990 ignes

165 3000 321 3072 expectans
342 2991 475 3053 Rutulos.
510 3011 580 3070 ergo
603 2997 695 3055 maria
715 2996 789 3056 invia
810 2995 931 3057 Teucris

164 3096 220 3137 nec
238 3093 304 3154 spes
326 3076 384 3136 ulla
403 3077 506 3155 fugae:
527 3096 629 3138 rerum
650 3097 719 3157 pars
738 3078 827 3140 altera
850 3080 986 3157 adempta
1008 3093 1061 3142 est.

165 3168 245 3221 terra
265 3167 362 3220 autem
384 3161 413 3220 in
435 3163 543 3222 nostris
561 3163 705 3232 manibus
724 3171 768 3223 tot
789 3161 866 3223 milia
887 3173 988 3239 gentes

165 3260 245 3302 arma
264 3244 364 3304 ierunt
387 3244 483 3307 Italae.
519 3245 561 3307 nil
584 3264 631 3306 me
652 3246 748 3306 fatalia
770 3252 891 3311 terrent,

165 3327 247 3405 siqua
265 3327 396 3406 Phryges
413 3348 485 3407 prae
504 3347 535 3388 se
555 3329 672 3397 iactant,
692 3345 835 3407 responsa
858 3330 997 3391 deorum:
1045 3334 1049 3339 “

188 3446 364 3457 —————

168 3507 233 3572 quot
249 3501 326 3574 prius
343 3509 448 3556 aeratae
466 3506 599 3555 steterant
620 3499 653 3556 ad
674 3497 756 3557 litora
777 3517 876 3577 prorae
