2504 4094
235 244 294 309 162
548 254 691 302 vnnernr
715 255 841 303 anneis
856 255 910 302 1111

140 461 174 485 ,f
232 411 359 480 ‘iuveni,
379 427 530 489 germana,
553 410 627 470 riam
651 410 776 488 (gratare
795 416 915 487 sorori),

231 512 306 574 quae
329 494 399 554 mihi
421 494 524 554 reddat
546 511 613 555 eum
634 491 679 553 vel
698 510 732 554 eo
754 511 802 552 me
823 492 914 552 solvat
936 501 1099 553 amantem.

232 578 340 639 Oceani
361 578 448 638 linem
471 580 550 653 iuxta
570 577 720 655 solemque
743 577 895 637 cadentem

230 660 350 723 ultimus
369 661 545 739 Aethiopum
567 659 650 721 locus
672 668 730 729 est,
754 659 804 719 ubi
825 660 970 719 maximus
992 659 1099 720 Atlans

231 763 315 807 axem
335 762 438 807 umero
461 752 579 824 torquet
600 742 689 804 stellis
710 742 881 804 ardentibus
900 750 1017 821 aptum:

229 828 299 890 hinc
319 829 390 889 mihi
411 827 552 906 Massylae
572 829 666 904 gentis
686 834 845 888 monstrata
865 825 1020 894 sacerdos,

229 912 424 992 Hesperidum
443 911 544 989 templi
566 919 663 973 custos
686 908 845 988 epulasque
863 909 984 970 draconi

232 1014 306 1074 quae
327 995 415 1056 dabat
437 1003 465 1055 et
486 1013 585 1056 sacros
607 992 742 1054 servabat
762 995 792 1054 in
812 992 919 1054 arbore
939 1010 1050 1053 ramos.

230 1079 304 1141 haec
326 1097 358 1140 se
379 1078 557 1139 carminibus
576 1079 718 1156 promittit
739 1076 852 1138 solvere
873 1085 986 1137 mentes

231 1180 302 1241 quas
324 1161 404 1231 velit,
424 1171 467 1222 ast
490 1162 551 1221 aliis
574 1161 662 1221 duras
682 1161 827 1221 inmittere
849 1177 950 1228 ouras,

230 1248 332 1308 sistere
355 1263 460 1323 aquam
480 1245 573 1305 lluviis
589 1253 624 1309 ‚et
645 1254 759 1305 vertere
779 1245 875 1305 sidera
896 1250 991 1309 retro;

229 1337 448 1407 nocturnosque
469 1338 566 1390 movet
586 1329 694 1388 manis:
717 1330 832 1405 mugire
855 1325 964 1387 videbis

230 1412 284 1473 sub
307 1411 431 1490 pedibus
450 1420 561 1473 terram
585 1420 612 1473 et
633 1411 813 1473 descendere
835 1409 985 1471 montibus
1007 1429 1113 1474 ornos.

231 1501 334 1564 testor,
358 1513 440 1564 cara,
461 1497 531 1556 deos
554 1505 582 1556 et
602 1503 646 1565 te,
670 1513 825 1575 germana,
848 1502 990 1570 tuumque

231 1577 315 1640 dulce
337 1586 439 1655 caput,
461 1581 589 1654 magicas
610 1581 728 1640 invitam
747 1579 893 1656 accingier
916 1578 995 1637 artis.

230 1670 262 1722 tu
281 1670 393 1722 secreta
415 1678 517 1738 pyram
537 1671 614 1721 tecto
634 1664 774 1722 interiore
796 1663 851 1720 sub
872 1679 958 1721 armas

232 1747 324 1824 erige,
347 1752 376 1804 et
397 1762 477 1803 arma
499 1744 568 1811 viri,
592 1744 718 1804 thalamo
742 1763 817 1823 quae
837 1745 894 1804 lira
915 1743 1034 1823 reliquit

231 1830 350 1908 impius,
375 1829 550 1906 exuviasque
571 1829 665 1888 omnis
686 1828 853 1905 lectumque
876 1826 1020 1906 iugalem,

231 1931 288 1991 quo
311 1912 397 1990 perii,
417 1914 647 1992 superimponas:
671 1911 789 1973 abolere
811 1911 930 1972 nefandi

231 2004 335 2059 cuneta
358 1996 413 2056 viri
434 1998 612 2058 monimenta
633 1996 725 2067 iuvat,
748 2004 949 2075 monstratque
971 2000 1142 2061 sacerdos’

229 2081 303 2143 haec
323 2081 407 2142 ellata
427 2079 506 2150 silet;
529 2079 623 2159 pallor
644 2080 730 2142 simul
750 2089 873 2158 occupat
892 2098 953 2140 ora.
961 2094 1010 2167 >c

230 2182 289 2224 non
311 2173 408 2226 tamen
428 2166 511 2226 Anna
531 2167 614 2225 novis
634 2172 807 2243 praetexere
827 2165 932 2226 lunera
947 2164 1039 2223 sacris
1198 2184 1245 2236 500

230 2263 400 2324 germanam
420 2249 512 2308 credit
533 2267 587 2311 nec
608 2258 704 2310 tantos
725 2256 823 2311 mente
845 2249 961 2310 furores

231 2332 356 2408 concipit
377 2339 426 2392 aut
448 2333 582 2407 graviore
598 2335 680 2394 timet
700 2352 788 2413 quam
809 2339 904 2393 morte
926 2331 1058 2410 Sychaei.

231 2431 301 2491 ergo
324 2415 401 2475 iussa
423 2424 515 2491 parat.

270 2498 307 2556 dt
328 2499 443 2572 regina,
465 2514 537 2576 pyra
558 2497 700 2576 penetrali
721 2500 749 2557 in
771 2499 841 2558 sede
861 2499 916 2559 sub
939 2516 1026 2559 auras

230 2588 327 2640 erecta
351 2581 462 2655 ingenti
481 2581 573 2640 taedis
595 2588 682 2659 atque
703 2580 768 2641 ilice
785 2588 879 2650 secta,

229 2663 408 2740 intenditque
429 2660 526 2723 locum
547 2665 632 2722 sertis
653 2671 681 2723 et
701 2663 804 2724 irondc
819 2674 949 2726 coronat

230 2747 364 2814 funeream
387 2763 475 2824 snper
497 2747 614 2807 exuvias
636 2764 793 2825 ensemque
817 2746 954 2808 relietum

151 2858 155 2863 ·
229 2829 413 2908 effigiemque
436 2836 501 2890 toro
523 2828 615 2899 locat,
638 2831 709 2890 haut
729 2831 831 2908 ignara
852 2830 952 2892 futuri.

228 2922 305 2973 stant
325 2930 394 2974 arae
415 2914 541 2985 circum,
565 2923 594 2975 et
615 2914 703 2976 crinis
724 2915 814 2975 eiiusa
830 2917 969 2976 sacerdos

227 3005 273 3057 ter
296 3005 413 3057 centum
435 3005 516 3058 tonat
537 3016 589 3060 ore
609 2999 695 3068 deos,
722 2998 911 3080 Erebumque
935 3000 1088 3078 Chaosque
1193 3018 1243 3068 sio

227 3083 477 3161 tergeminamque
499 3084 642 3153 Hecaten,
664 3083 720 3143 tria
736 3084 854 3161 virginis
875 3101 927 3143 ora
949 3084 1066 3144 Dianae.

226 3171 375 3240 sparserat
397 3172 425 3224 et
444 3164 544 3226 latices
564 3164 715 3227 simulatos
733 3166 820 3226 fontis
840 3165 961 3233 Averni,

227 3245 349 3307 falcibus
371 3254 400 3307 et
420 3267 533 3309 messae
557 3250 594 3308 ad
615 3249 715 3309 lunam
736 3253 917 3326 quaeruntur
940 3251 1020 3309 ainis

219 3328 370 3408 pubentes
389 3329 499 3391 herbae
523 3331 600 3406 nigri
617 3349 684 3390 cum
704 3329 780 3390 lacte
801 3331 920 3399 vencni;

226 3414 376 3492 quaeritur
399 3421 428 3475 et
445 3414 589 3473 nascentis
611 3413 677 3490 equi
697 3413 733 3473 dc
755 3411 853 3472 fronte
869 3414 1005 3475 revolsus
1191 3436 1241 3487 515

226 3507 255 3559 ct
275 3498 360 3558 matri
381 3504 553 3575 praereptus
576 3514 667 3556 amor.
