2504 4094
346 111 489 158 vanem
511 109 715 159 auoamcon
736 111 791 157 1111
1036 101 1077 160 77

63 264 203 327 matinuo
227 272 272 326 cst
292 264 388 344 aegris
410 264 482 327 alius
504 264 599 334 color;
622 264 742 326 horrida
763 265 872 326 voltum

62 348 210 411 deformat
231 348 354 417 macies:
376 357 440 410 tum
462 367 586 428 corpora
607 348 673 411 luce
695 357 846 410 carentum
1026 360 1078 412 ‘255

64 439 220 511 exportant
242 432 326 493 tectis
348 439 377 492 et
397 433 489 493 tristia
511 434 615 494 funcra
637 433 760 502 ducunt;

63 514 203 578 cutiliae
224 515 350 594 pedibus
373 534 500 577 conexae
522 517 558 577 ad
579 517 679 578 limina
700 516 838 595 pendent,

64 607 115 660 aut
135 600 216 660 intus
237 598 343 660 clausis
365 608 538 660 cunctantur
559 602 589 660 in
611 600 746 671 aedibus,
769 618 871 660 omues

64 683 245 762 ignavaeque
266 683 343 744 fame
366 690 394 743 et
416 690 564 745 contracto
588 685 696 762 frigore
717 686 827 762 pigrae.

64 774 128 826 tum
148 783 240 827 sonus
262 767 379 826 auditur
401 769 531 845 gravior,
553 768 728 846 tractimque
750 775 913 837 susurrant,

64 848 190 929 frigidus
211 857 244 910 ut
266 850 412 929 quondam
434 849 512 911 silvis
533 852 728 911 inmurmurat
750 858 856 921 auster,

64 940 99 993 ut
118 950 202 994 mare
224 932 379 994 sollicitum
401 934 496 994 stridit
517 933 707 995 refluentibus
729 934 824 1005 undis,

64 1023 179 1078 aestuat
199 1025 233 1077 ut
254 1016 358 1078 clausu
379 1018 499 1096 rapidus
520 1018 689 1079 fornacibus
710 1019 785 1095 ignis
802 1053 843 1061 —

19 1101 24 1107 '
64 1099 114 1161 hic
135 1100 193 1161 iam
215 1100 372 1178 galbaneos
394 1101 523 1161 suadebo
544 1102 702 1163 incendere
724 1100 830 1161 odores

63 1182 212 1263 mellaque
233 1184 422 1244 harundineis
442 1185 552 1245 inferre
574 1184 738 1252 canalibus,
761 1182 839 1244 ultro

63 1267 233 1329 hortantem
255 1277 284 1328 et
305 1268 396 1329 lassas
417 1267 455 1327 ad
476 1268 583 1346 pabula
603 1277 673 1329 nota
693 1274 855 1327 vocantem.

63 1350 200 1431 proderit
220 1359 250 1412 et
270 1361 388 1412 tunsum
411 1349 503 1430 gabae
524 1352 687 1413 admiscere
708 1367 843 1429 saporem

64 1434 234 1514 arenasque
254 1451 337 1495 rosas
358 1444 409 1496 aut
429 1436 490 1511 igni
510 1436 628 1514 pinguia
649 1433 741 1496 multo

64 1516 184 1580 defruta
204 1516 250 1579 vel
270 1518 376 1597 psithia
397 1535 500 1597 passos
522 1518 558 1578 de
580 1520 636 1579 vite
656 1537 790 1580 racemos

66 1600 299 1681 Cecropiumque
319 1603 452 1682 thymum
474 1609 503 1662 et
523 1619 610 1680 grave
633 1601 738 1664 olentia
761 1610 926 1664 centaurea.

66 1692 112 1747 est
133 1684 220 1746 etiam
240 1685 295 1746 llos
316 1686 346 1746 in
366 1687 475 1764 pratis,
499 1687 546 1746 cui
566 1704 674 1746 nornen
696 1685 800 1746 amello

66 1768 166 1830 iecere
186 1767 346 1847 agricolae,
369 1768 462 1830 facilis
485 1768 692 1847 quaerentibus
712 1768 821 1849 herba;

67 1869 195 1931 namque
215 1869 274 1912 uno
296 1852 443 1930 ingentem
463 1850 539 1911 tollit
559 1852 597 1912 de
619 1853 745 1929 caespite
767 1850 876 1919 silvam,

66 1951 176 1997 aureus
195 1935 272 2013 ipse,
295 1935 398 1996 sedin
420 1934 512 2002 loliis,
536 1952 610 2013 quae
630 1934 756 2011 plurima
778 1935 890 1993 circum

66 2017 244 2088 funduntur,
266 2018 360 2078 violae
382 2017 517 2078 sublucet
537 2034 668 2096 purpura
689 2016 805 2093 nigrae;

68 2105 173 2187 [saepe
195 2104 285 2163 deum
319 2101 402 2160 nexis
424 2107 543 2159 ornatae
563 2096 716 2176 torquibus
738 2098 831 2180 arae]·

65 2184 205 2263 asperia
228 2201 281 2244 ore
302 2200 404 2261 sapor;
427 2182 520 2241 tonsis
540 2183 570 2241 in
592 2180 715 2242 vallibus
736 2180 818 2243 illum

64 2275 200 2348 pastores
221 2277 251 2328 et
272 2284 362 2328 curva
382 2264 484 2343 legunt
504 2282 597 2344 prope
618 2265 738 2326 llumina
758 2264 869 2327 ltlellae.

65 2352 154 2413 buius
176 2350 298 2412 odorato
320 2350 434 2411 radices
455 2349 580 2426 incoque
605 2348 725 2419 baccho,

65 2433 233 2515 pabulaque
254 2436 284 2495 in
305 2434 419 2495 foribus
440 2432 535 2512 plenis
556 2433 670 2511 adpone
692 2435 833 2495 canistris.

109 2518 169 2581 Sed
190 2520 303 2597 siquem
325 2517 424 2596 proles
445 2517 541 2578 subito
564 2515 704 2577 deiecerit
725 2520 828 2588 omnis,

67 2620 137 2672 neo,
160 2620 253 2680 genus
274 2602 352 2663 unde
372 2620 465 2662 norae
487 2602 585 2679 stirpis
606 2608 775 2670 revocetur,
798 2601 925 2670 habebit,

68 2695 184 2763 tempus
206 2693 235 2746 et
256 2686 372 2746 Arcadii
392 2685 583 2745 memoranda
604 2685 720 2744 inventa
742 2686 872 2762 magistri

67 2768 214 2846 pandere,
236 2787 353 2850 quoque
375 2769 463 2829 modo
487 2769 578 2829 caesis
592 2767 650 2827 iarn
671 2784 759 2846 saepe
780 2769 907 2829 iuvencis

70 2852 231 2912 insincerus
251 2871 321 2932 apes
344 2852 443 2919 tulerit
464 2870 562 2913 cruor.
606 2850 690 2911 altius
711 2867 828 2910 omnem

70 2933 221 3013 expediam
242 2937 337 3014 prima
358 2942 495 3014 repetens
516 2934 553 2996 ab
576 2934 688 3009 origine
710 2933 825 2993 lainam.

68 3036 137 3079 nam
158 3036 216 3097 qua
236 3018 344 3081 Pellaei
364 3037 437 3096 gens
458 3019 604 3080 fortunata
625 3016 733 3094 Canopi

70 3101 173 3162 accolit
195 3102 285 3161 effuso
308 3110 489 3182 stagnantem
510 3103 629 3163 flumine
651 3099 747 3162 Nilum

70 3192 99 3246 et
121 3186 233 3245 circum
252 3184 338 3260 pictis
357 3188 471 3247 vehitur
493 3205 545 3248 sua
567 3204 637 3247 rura
658 3184 794 3263 phaselis,

72 3278 116 3356 [et
137 3276 263 3337 viridem
284 3280 446 3358 Aegyptum
468 3281 553 3357 nigra
575 3278 715 3358 fecundat
736 3280 856 3345 harena.

71 3371 100 3422 et
123 3362 238 3423 diversa
259 3380 352 3424 ruens
373 3373 486 3444 septem
509 3365 646 3423 discurrit
667 3365 697 3423 in
721 3382 772 3424 ora
