2512 4096
455 257 598 304 vertum
614 257 737 304 nuituis
753 258 804 304 x11

123 413 233 476 lumina
253 430 309 473 nec
328 427 470 488 generum
489 412 607 473 Aenean
626 412 737 490 captiva
757 411 878 473 ridebo!

124 498 238 575 accepit
258 513 359 556 vocem
377 493 505 556 lacrimis
525 494 641 555 Lavinia
665 496 766 556 matris

124 580 274 658 flagrantis
295 577 415 658 perlusa
438 596 536 656 genas,
558 579 626 655 quoi
647 577 792 656 plurimus
809 580 906 655 ignem
1094 587 1128 637 oe

123 662 245 725 subiecit
267 663 359 723 rubor
382 670 410 721 et
432 660 571 722 calefacta
594 678 648 739 per
670 680 721 722 ora
743 663 881 724 cucurrit.

122 746 227 807 Indum
249 747 408 822 sanguineo
429 743 516 805 veluti
536 744 685 806 violaverit
707 753 786 806 ostro

122 830 214 908 siquis
232 828 315 898 ebur,
339 836 389 888 aut
411 829 500 888 mixta
522 827 630 889 rubent
651 827 701 888 ubi
721 827 781 888 lilia
802 827 893 889 multa

122 912 188 974 alba
205 930 288 973 rosa:
309 910 375 972 talis
395 913 476 988 virgo
499 910 593 971 dabat·
605 929 657 972 ore
679 910 801 973 colores.

122 995 203 1057 illum
226 995 325 1056 turbat
346 1012 438 1063 emor,
461 995 580 1072 figitque
601 997 632 1054 iu
654 996 764 1072 virgine
785 994 894 1055 voltus:
1094 1001 1130 1052 w

122 1078 205 1139 ardet
227 1079 258 1138 in
281 1095 362 1139 arma
385 1078 477 1154 magis
497 1079 657 1156 paucisque
678 1079 792 1139 adfatur
813 1080 954 1139 Amatam.

123 1171 187 1230 ‘ne,
211 1178 330 1240 quaeso,
350 1178 388 1221 ne
407 1180 455 1221 me
476 1159 603 1221 lacrimis
622 1178 695 1221 neve
716 1163 813 1221 omine
835 1167 915 1221 tanto

122 1261 303 1324 prosequere
324 1245 355 1303 in
376 1244 444 1305 duri
465 1246 627 1305 certamina
646 1245 747 1305 Martis
769 1252 896 1312 euntem,

122 1345 140 1386 ο
163 1334 270 1397 mater:
294 1328 491 1405 nequeenim
512 1325 612 1386 'lirrno
635 1344 718 1388 mora
739 1326 833 1388 libera
857 1329 969 1387 mortis.

122 1412 242 1470 nuntius
260 1410 334 1471 haec
356 1408 459 1470 ldmon
479 1409 605 1488 Phrygio
626 1428 692 1471 mea
712 1410 789 1470 dicta
806 1420 930 1489 tiranno
1096 1416 1128 1466 rb

122 1493 192 1552 baut
213 1492 355 1570 placitura
372 1492 468 1553 refer:
491 1510 559 1554 cum
581 1494 708 1570 primum
729 1495 854 1554 crastina
876 1493 956 1552 caelo

90 1614 93 1618 ι
122 1577 254 1654 puniceis
271 1578 385 1635 invecta
406 1577 479 1636 rotis
497 1577 611 1637 Aurora
633 1576 760 1646 rubebit,
917 1582 920 1592 '

122 1676 181 1718 non
201 1659 332 1719 Teucros
351 1666 417 1737 agat
437 1661 468 1719 in
489 1657 622 1730 Rutulos,
645 1659 793 1721 Teucrum
810 1676 892 1720 arma
914 1660 1066 1736 quiescant

124 1749 153 1803 et
172 1741 289 1811 Rutuli;
311 1750 412 1802 uosuo
435 1741 606 1803 dirimamus
627 1745 768 1818 sanguiue
788 1741 906 1810 bellum,

122 1824 171 1884 illo
194 1833 351 1905 quaeratur
372 1827 498 1887 coniunx
520 1825 637 1886 Lavinia
659 1826 781 1903 campo!
1093 1832 1128 1881 80

164 1909 243 1970 llaec
264 1908 316 1970 ubi
335 1908 411 1969 dicta
431 1908 510 1969 dedit
530 1909 709 1987 rapidusque
728 1909 758 1968 in
780 1916 856 1967 tecta
877 1909 1007 1974 recessit,

126 1992 227 2070 poscit
241 2009 331 2069 equos
354 1991 519 2070 gaudetque
540 1998 625 2050 tuens
647 1997 714 2050 ante
735 2006 787 2049 ora
809 1988 970 2057 frementis,

122 2073 257 2134 Pilumno
278 2091 350 2151 quos
372 2074 439 2151 ipse
456 2074 546 2133 decus
565 2072 644 2132 dedit
668 2071 807 2149 Orithyia,

123 2157 172 2235 qui
193 2155 319 2216 candore
338 2156 418 2216 nives
439 2156 593 2225 anteirent,
616 2153 751 2215 cursibus
771 2172 866 2215 auras.

122 2239 312 2300 circumstant
332 2239 454 2317 properi
473 2239 592 2313 aurigae
612 2237 806 2315 manibusque
827 2237 973 2297 lacessunt

122 2331 242 2401 pectora
262 2320 364 2400 plausa
386 2321 462 2382 cavis
482 2329 511 2382 et
526 2319 599 2381 colla
621 2322 764 2381 comantia
785 2327 913 2398 pectunt.

122 2408 185 2483 ipse
207 2404 313 2465 dehinc
336 2422 408 2465 auro
431 2403 610 2483 squalentem
631 2403 756 2482 alboque
777 2401 924 2464 orichalco

124 2487 286 2548 circumdat
307 2488 428 2548 loricam
449 2489 575 2556 umeris;
597 2486 682 2548 simul
701 2496 780 2566 aptat
801 2485 935 2547 babendo

123 2587 282 2649 ensemque
305 2570 488 2648 clipeumque
508 2578 536 2632 et
557 2570 666 2632 rubrae
688 2588 798 2632 cornua
821 2571 935 2638 cristae,

123 2672 232 2724 ensem,
255 2673 343 2734 quem
365 2654 465 2715 Dauno
487 2655 652 2733 ignipotens
673 2655 745 2715 detis
765 2657 828 2732 ipse
846 2654 959 2730 parenti
1013 2678 1018 2687 ·
1093 2657 1128 2710 tt

122 2738 232 2799 iecerat
253 2747 282 2799 et
303 2737 400 2818 Stygia
419 2738 591 2818 candentem
613 2740 738 2798 tinxerat
757 2738 845 2799 unda.

122 2822 208 2891 enlm
221 2839 296 2899 quae
317 2822 421 2883 mediis
444 2823 554 2899 ingenti
575 2822 678 2882 adnixa
701 2819 855 2881 columnae

122 2904 243 2964 aedibus
265 2904 405 2973 adstabat,
429 2904 552 2963 validam
575 2907 602 2964 vi
625 2903 744 2980 corripit
767 2904 887 2969 hastam,

123 2986 236 3045 Actoris
257 2988 389 3046 Aurunci
408 2985 543 3062 spolium,
566 2992 740 3064 quassatque
761 2991 933 3045 trementem

122 3067 300 3129 vociferans:
322 3077 424 3138 ‘nunc
447 3086 643 3146 enumquam
665 3067 803 3127 frustrata
823 3073 941 3125 vocatus
1092 3072 1126 3120 ue

122 3151 205 3211 besta
226 3169 317 3221 meos,
339 3170 418 3213 nuuc
440 3162 556 3230 tempus
576 3152 672 3213 adest:
691 3159 720 3211 te
741 3151 884 3210 maximus
906 3151 994 3208 Actor
1168 3145 1171 3151 '

122 3247 152 3295 te
171 3232 264 3297 Turni
285 3254 364 3297 nunc
385 3236 487 3298 dextra
509 3237 593 3314 gerit.
628 3235 665 3297 da
686 3240 818 3295 sternere
840 3248 947 3309 corpus

122 3318 303 3398 loricamque
322 3338 411 3380 manu
430 3319 523 3381 valida
543 3319 673 3381 lacerare
692 3315 836 3379 revulsam

122 3402 250 3462 semiviri
272 3402 394 3482 Phrygis
413 3412 442 3464 et
462 3403 582 3464 loedere
600 3405 631 3464 in
652 3402 771 3482 prdvere
793 3401 881 3462 crinis

124 3484 250 3545 vibratos
272 3484 363 3546 calido
386 3486 467 3546 ferro
485 3504 644 3566 murraque
664 3484 825 3547 madentis?
1076 3483 1125 3536 l⁰0
