2512 4096
190 304 249 370 118
529 313 673 363 vnnornr
693 310 818 360 anunrs
841 309 869 357 11

186 477 223 537 ad
245 472 358 536 caelum
378 474 503 536 tendens
523 471 655 533 ardentia
676 468 787 530 lumina
808 466 933 534 frustra,

185 558 311 629 lumina,
333 575 403 619 nam
423 566 542 619 teneras
562 554 703 617 arcebant
722 550 838 611 nucula
858 549 979 629 palmas.

184 660 246 703 non
263 641 330 703 tulit
350 642 427 703 hauc
448 642 577 721 speciem
600 639 706 701 furiata
727 642 826 697 mente
846 633 1010 704 Coroebus,

186 734 217 788 et
238 743 304 788 sese
326 727 456 788 medium
476 725 576 786 iniecit
596 724 746 802 periturus
765 721 796 780 iu
819 736 934 798 agmen.

186 812 394 890 consequimur
416 811 513 872 cuncti
535 816 565 870 et
585 808 684 869 densis
704 805 882 866 incurrimus
902 806 1000 864 armis.

184 893 233 955 hio
252 895 382 973 primum
401 913 437 956 ex
460 894 518 954 alto
540 891 656 954 delubri
678 888 805 951 culmine
827 886 892 949 telis

185 985 356 1038 nostrorum
379 978 550 1047 obruimur,
568 977 721 1053 oriturque
742 973 908 1034 miserrima
930 974 1035 1037 caedes

185 1079 338 1122 armorum
359 1062 435 1123 faeie
457 1068 487 1123 et
504 1061 660 1137 Graiarum
681 1075 785 1120 errore
804 1055 951 1118 iubarum.

185 1154 249 1206 tum
271 1145 363 1207 Danai
384 1147 495 1224 gemitu
518 1153 606 1224 atque
626 1153 746 1221 ereptae
767 1141 887 1218 virginis
907 1144 951 1204 ira

184 1229 315 1310 undique
336 1228 450 1292 collecti
472 1229 627 1298 invadunt,
647 1227 810 1289 acerrimus
831 1225 903 1285 Aiax

185 1320 215 1374 et
235 1315 343 1393 gemini
363 1315 483 1376 Atridae
502 1312 708 1392 Ilolopumque
729 1311 876 1373 exercitus
899 1313 1002 1381 omnis,

184 1397 300 1458 adversi
322 1404 411 1477 rupto
432 1417 488 1460 ceu
507 1397 656 1477 quondam
677 1395 796 1457 turbine
815 1396 894 1475 venti

185 1479 362 1560 confligunt,
385 1481 595 1562 Zephyrusque
608 1480 769 1559 Notusque
790 1487 821 1540 et
840 1478 933 1541 laetus
954 1481 1014 1540 eois

184 1563 282 1625 Emus
304 1565 402 1644 equis;
424 1566 553 1626 stridunt
574 1565 680 1640 silvae,
698 1565 848 1642 saevitque
871 1565 991 1626 tridenti

184 1664 325 1725 spumeus
347 1654 434 1728 atque
456 1651 515 1710 imo
536 1649 650 1710 Nereus
672 1649 729 1709 ciet
750 1664 878 1725 aequora
899 1648 1000 1709 fundo.

184 1729 226 1792 illi
246 1734 350 1802 etiam,
373 1733 474 1811 siquos
496 1731 622 1794 obscura
642 1739 731 1792 nocte
752 1748 806 1811 per
827 1731 964 1792 umbram

185 1815 313 1877 didimus
334 1816 446 1878 insidiis
466 1823 587 1896 totaque
608 1817 780 1894 agitavimus
802 1814 898 1885 urbe,¹

185 1907 342 1979 apparent;
364 1899 475 1962 Priami
495 1900 607 1979 clipeos
627 1901 807 1977 mentitaque
827 1898 884 1960 tela
907 1959 923 1977 ,

184 1984 370 2065 adgnoscunt
388 1991 478 2065 atque
491 1987 553 2047 'ora
574 2001 647 2046 sono
670 1983 818 2045 discordia
839 1985 964 2063 signant,

128 2076 131 2081 ’
183 2067 262 2130 ilicet
283 2067 438 2131 obruimur
456 2087 598 2139 numero;
621 2071 794 2149 primusque
816 2067 968 2129 Coroebus

183 2150 302 2214 Penelei
324 2155 429 2217 dextra
451 2154 534 2216 divae
557 2155 760 2231 armipotentis
781 2153 818 2214 ad
840 2170 923 2213 aram

183 2237 368 2312 procumbit:
390 2239 468 2301 cadit
489 2247 518 2300 et
539 2238 689 2319 Ripbeus,
711 2238 886 2300 iustissimus
907 2253 984 2298 unus
1020 2251 1025 2266 ’

184 2321 235 2397 qui
256 2320 311 2381 luit
330 2323 362 2383 iu
381 2320 505 2384 Teucris
527 2329 557 2385 et
577 2323 813 2384 servantissimus
835 2323 921 2400 aequi

184 2400 239 2482 (dis
257 2403 343 2466 aliter
361 2407 481 2486 visum);
503 2415 631 2485 pereunt
651 2408 838 2486 Hypanisque
858 2407 1022 2485 Dymasque

183 2488 291 2548 confixi
312 2507 329 2549 a
351 2491 452 2558 sociis;
474 2507 532 2551 nec
551 2497 581 2551 te
602 2499 653 2551 tna
674 2489 815 2568 plurima,
836 2489 966 2559 Panthu,
1040 2498 1043 2503 ’

182 2569 331 2633 labentem
350 2573 445 2651 pietas
464 2591 522 2634 nec
543 2573 683 2652 Apollinis
704 2572 795 2634 iniula
817 2574 896 2633 texit.

182 2654 262 2717 lliaci
280 2656 394 2718 cineres
413 2664 442 2718 et
463 2657 582 2717 llamma
604 2663 736 2718 extrema
756 2674 906 2728 meorum,

182 2745 290 2810 testor,
312 2739 344 2800 iu
364 2758 473 2802 occasu
493 2746 593 2802 vestro
614 2758 671 2802 neo
691 2740 750 2803 tela
769 2759 826 2803 nec
846 2740 921 2802 ullas

182 2824 317 2884 vitavisse
335 2824 428 2896 vices,
449 2824 584 2886 Danaum
604 2831 651 2897 et,
673 2828 698 2887 si
719 2827 778 2887 lata
801 2826 938 2895 luissent,

182 2913 216 2966 ut
237 2907 375 2969 caderem
396 2910 540 2971 meruisse
562 2928 661 2972 mauu.
706 2909 869 2972 divellimur
890 2909 958 2970 inde

181 2989 295 3068 Iphitus
317 2998 346 3054 et
363 2993 459 3056 Pelias
481 3012 597 3057 mecum
621 2993 757 3075 (quorum
776 2994 889 3074 lpbitus
911 3011 981 3056 aevo

181 3076 241 3134 iam
262 3077 393 3154 gravior,
413 3076 509 3140 Pelias
528 3086 558 3141 et
578 3079 698 3142 volnere
716 3080 819 3142 tardus
840 3077 941 3158 Ulixi),

182 3160 317 3234 protinus
339 3161 376 3223 ad
397 3163 482 3225 sedes
504 3163 613 3224 Priami
636 3164 765 3225 clamore
785 3165 889 3224 vocati.

182 3241 231 3305 bic
250 3261 321 3306 vero
341 3245 491 3326 ingentem
510 3265 654 3327 pugnam,
676 3266 730 3310 ceu
751 3255 850 3309 cetera
870 3262 1015 3326 nusquam

181 3321 260 3389 bolla
280 3326 395 3401 forent,
416 3329 489 3391 nrrlli
508 3339 569 3391 tota
589 3340 778 3393 morerentur
801 3333 832 3392 in
853 3329 943 3401 urbe,

182 3408 225 3471 sio
245 3410 369 3474 blartem
389 3414 563 3475 indomitum
584 3415 759 3494 Danaosque
781 3415 819 3477 ad
837 3422 915 3477 tecta
934 3417 1046 3477 ruentis

182 3495 331 3559 cernimus
353 3496 566 3580 obsessumque
588 3505 652 3561 aeta
675 3500 823 3561 testudine
844 3499 943 3562 limen.

180 3577 304 3642 baerent
323 3583 485 3661 parietibus
506 3583 616 3655 scalae,
638 3586 790 3665 postisque
810 3583 864 3646 sub
886 3587 965 3662 ipsos

68 3728 223 3856 q
