2512 4096
355 904 396 979 P.
420 903 633 982 VERGILI
659 903 886 982 MARONIS

282 1006 962 1173 annnrnos

433 1243 547 1300 tmen
568 1242 817 1300 repentinus

561 1437 680 1448 Μ

122 1570 240 1633 Turnus
261 1577 295 1630 ut
315 1567 452 1629 infractos
476 1567 596 1628 adverso
617 1568 710 1632 Marte
732 1570 848 1631 Latinos

121 1652 264 1715 defecisse
286 1651 372 1722 videt,
394 1669 447 1712 sua
467 1667 547 1713 nunc
567 1653 710 1730 promissa
731 1657 846 1731 reposci

120 1754 154 1798 se
176 1736 285 1813 signari
306 1733 406 1805 oculis,
430 1732 508 1796 ultro
530 1735 710 1814 inplacabilis
733 1737 814 1796 ardet

121 1817 283 1896 attollitque
305 1819 424 1879 animos.
459 1817 624 1879 Poenorum
645 1818 738 1900 qualis
758 1821 789 1878 in
811 1821 886 1879 arvis

121 1903 237 1963 saucius
257 1899 306 1960 ille
328 1901 408 1975 gravi
428 1909 582 1961 venantum
601 1900 719 1962 volnere
741 1907 843 1979 pectus
1103 1907 1119 1958 5

121 1994 184 2044 turn
206 1984 324 2043 demum
347 1990 444 2041 moret
466 1983 612 2043 armaleo
633 1983 800 2059 gaudetque
820 1986 963 2044 comantis
1093 2004 1096 2009 ·

123 2067 272 2126 excutiens
294 2065 408 2125 cervice
428 2072 512 2124 toros
532 2066 681 2142 fixumque
701 2065 824 2126 latronis

121 2147 271 2225 inpavidus
289 2147 396 2223 frangit
416 2144 507 2206 telum
528 2153 558 2207 et
578 2146 676 2208 irernit
698 2165 750 2208 cre
771 2155 910 2209 cruento:

121 2233 193 2292 haut
210 2247 296 2292 secus
315 2245 439 2290 accenso
460 2227 553 2305 gliscit
573 2229 707 2290 violentia
730 2230 840 2291 Turno.

120 2325 183 2376 tum
203 2317 245 2374 stc
265 2313 380 2374 adlatur
400 2327 500 2387 regern
523 2320 608 2389 atque
627 2313 665 2372 ita
688 2311 822 2374 turbidus
841 2313 918 2374 intit:
1092 2317 1123 2374 lo

122 2395 215 2457 ‘nulla
237 2413 320 2457 mora
337 2397 369 2455 in
390 2393 507 2463 Turno;
528 2395 598 2454 nihil
617 2402 662 2455 est
680 2396 760 2474 quod
780 2395 856 2457 dicta
877 2403 1035 2457 retractent

121 2481 217 2558 ignari
238 2479 398 2548 Aeneadae,
423 2494 478 2538 nec
500 2496 574 2557 quas
592 2480 733 2559 pepigere
754 2487 905 2539 recusent:

121 2561 306 2641 congredior.
338 2563 385 2623 ier
406 2577 498 2630 saera,
519 2568 612 2640 pater,
634 2569 666 2622 et
686 2563 808 2640 concipe
827 2561 942 2623 loedus.

121 2655 170 2708 aut
192 2646 246 2706 hac
268 2645 447 2706 Dardanium
468 2644 569 2706 dextra
591 2645 645 2707 sub
668 2644 788 2706 Tartara
810 2648 931 2712 mittam,

120 2730 300 2790 desertorem
321 2730 405 2790 Asiae
426 2727 555 2805 (sedeant
575 2736 766 2805 spectentque
789 2729 902 2802 Latini),
1092 2732 1125 2788 15

121 2821 150 2873 et
171 2811 251 2872 solus
275 2812 354 2871 lerro
376 2812 487 2870 crimen
507 2829 663 2872 commane
680 2810 821 2880 rotellans

122 2903 172 2954 aut
189 2893 296 2953 habeat
317 2893 416 2963 victos,
439 2892 523 2950 cedat
543 2892 660 2953 Lavinia
682 2894 826 2952 coniunx!

166 2975 221 3038 Olli
240 2974 339 3034 sedato
363 2973 514 3052 respondit
536 2973 624 3033 corde
646 2975 779 3034 Latinus:

122 3069 156 3119 ‘o
176 3066 327 3136 praestans
348 3057 436 3116 animi
455 3057 574 3125 iuvenis,
596 3063 736 3135 quantum
756 3057 819 3134 ipse
838 3057 929 3116 feroci

122 3143 226 3202 virtute
246 3157 411 3220 exsuperas,
434 3148 514 3201 tanto
532 3157 580 3199 me
598 3140 760 3216 impensius
784 3156 886 3199 aecum
908 3148 953 3201 est
1089 3146 1125 3197 20

122 3224 274 3286 consulere
296 3231 381 3302 atque
401 3223 496 3285 omnis
516 3230 696 3284 metuentem
719 3221 885 3300 expendere
906 3240 998 3285 casus.

121 3315 190 3373 sunt
206 3306 259 3367 tibi
279 3323 369 3384 regna
392 3308 484 3384 patris
503 3308 605 3376 llauni,
629 3313 698 3368 sunt
720 3305 826 3384 oppida
849 3314 931 3384 capta

121 3387 213 3453 multa
233 3407 330 3459 manu,
352 3407 408 3450 nec
424 3408 484 3450 non
504 3407 668 3470 aurumque
690 3391 861 3468 animusque
882 3390 1026 3456 Ladnem:

121 3479 191 3536 sunt
210 3470 283 3554 aliae
305 3473 443 3552 innuptae
463 3473 542 3533 Latio
562 3482 591 3533 et
612 3472 913 3540 Laurentibus‘arris
