2512 4096
468 278 612 327 vunnim
632 280 758 328 Annum
780 283 802 327 V

126 435 234 498 velocis
255 435 350 496 iaculo
371 452 474 495 cervos
496 452 643 511 cursuque
662 434 775 512 fatigat,

126 538 210 588 acer,
233 517 378 581 anhelanti
395 517 511 588 similis,
532 535 619 597 quem
640 534 765 596 praepes
786 517 822 579 ab
843 519 894 580 Ida

128 601 283 664 sublimem
304 601 429 680 pedibus
447 602 545 680 rapuit
561 601 636 662 lovis
657 602 784 679 armiger
805 604 905 662 uncis:

124 686 258 765 longaevi
278 684 390 765 palmas
411 686 591 764 nequiquam
613 683 650 744 ad
672 685 768 746 sidera
789 685 914 747 tendunt

126 770 277 836 custodes,
296 771 444 848 saevitque
467 786 572 830 eanum
592 768 714 830 latratus
735 771 881 830 inauras.

125 866 154 915 at
175 855 224 932 qui
247 853 352 914 deinde
372 852 470 913 locum
490 854 584 914 tenuit
604 854 710 913 virtute
732 853 908 923 secundum,

123 936 238 999 levibus
256 936 325 997 huic
347 936 442 998 hamis
465 943 631 997 consertam
649 952 780 1015 auroque
800 936 925 998 trilicem

123 1021 260 1091 loricam,
282 1037 369 1097 quam
391 1020 530 1082 Demoleo
552 1019 718 1081 detraxerat
739 1022 802 1099 ipse

124 1107 215 1165 victor
236 1103 313 1183 apud
324 1104 460 1182 rapidum
481 1104 630 1165 Simoenta
651 1103 706 1164 snb
724 1103 777 1164 llio
798 1103 871 1172 alto,

125 1188 214 1249 donat
233 1186 343 1249 habere
364 1189 440 1258 viro,
461 1189 550 1250 decus
572 1194 601 1249 et
620 1194 750 1249 tutamen
771 1188 916 1248 inarmis.

126 1272 170 1332 vir
193 1270 271 1332 illam
294 1271 394 1332 famuli
414 1272 550 1350 Phegeus
572 1271 748 1350 Sagarisque
770 1270 903 1332 ferebant

123 1353 314 1434 multiplicem
334 1357 430 1416 conixi
451 1355 576 1423 umeris:
596 1355 715 1417 indutus
736 1363 765 1414 at
789 1355 857 1414 olim

123 1437 278 1500 Demoleos
301 1455 389 1500 cursu
411 1438 537 1518 palantis
555 1438 648 1499 Troas
670 1437 783 1516 agebat.

123 1523 208 1583 tertia
232 1521 308 1582 dona
331 1521 399 1583 lacit
420 1524 552 1602 geminos
574 1541 609 1583 ex
633 1540 701 1583 aere
719 1521 829 1582 lebetas

104 1610 107 1615 ’
123 1605 296 1686 cymbiaque
318 1613 440 1685 argento
460 1607 591 1684 perlecta
608 1611 695 1684 atqua
717 1623 820 1685 aspera
835 1609 933 1685 signis.

122 1691 239 1768 iamque
259 1689 332 1750 adeo
350 1690 449 1752 donati
470 1708 572 1751 omnes
593 1689 756 1770 opibusque
777 1690 896 1768 superbi

122 1774 255 1853 puniceis
276 1772 357 1834 ibant
378 1776 482 1835 evincti
503 1782 636 1852 tempora
658 1775 766 1844 taonis,

124 1875 191 1917 cum
211 1874 296 1917 saevo
313 1877 328 1918 e
348 1858 470 1937 scopulo
491 1858 581 1917 multa
604 1859 650 1918 vix
672 1865 735 1920 arte
756 1857 902 1927 revolsus,

123 1940 236 2000 amissis
258 1942 347 1999 remis
367 1952 453 2021 atque
475 1942 577 2001 ordina
601 1941 703 2001 debilis
724 1957 803 2017 uno,

124 2023 243 2082 inrisam
263 2024 324 2082 sine
344 2023 457 2085 honore
477 2032 569 2084 ratem
590 2024 745 2100 Sergestus
767 2022 880 2098 agebat.

125 2103 218 2182 qualis
240 2123 328 2183 saepe
349 2107 411 2167 viae
434 2108 597 2184 deprensus
618 2108 648 2166 in
670 2117 777 2184 aggere
800 2122 937 2182 serpeus,

123 2206 210 2250 aerea
233 2206 319 2266 quern
343 2187 470 2250 oblicum
491 2197 557 2249 rota
578 2190 682 2249 transit
703 2197 752 2249 aut
773 2189 867 2264 gravis
889 2190 948 2249 ictu
1004 2265 1007 2272 Ι

122 2273 300 2333 seminecem
320 2270 403 2349 liquit
424 2290 494 2333 saxo
514 2271 702 2349 lacerumque
723 2271 831 2339 viat0r;

122 2357 300 2434 nequiquam
322 2353 424 2432 longos
447 2355 562 2432 lugiens
584 2355 632 2415 dat
651 2372 775 2433 corpore
795 2362 902 2423 tortus,

122 2447 206 2517 parte
227 2439 310 2499 ieron
332 2440 497 2516 ardensque
519 2437 610 2499 oculis
632 2446 660 2499 et
681 2437 764 2499 sibila
783 2437 855 2498 colla

123 2524 233 2583 arduus
252 2522 399 2592 attollens,
423 2540 491 2601 pars
510 2521 628 2584 volnere
649 2522 750 2583 clauda
772 2530 897 2583 retentat

121 2608 270 2667 nixantem
293 2607 376 2667 nodis
399 2624 489 2685 seque
510 2609 540 2667 in
562 2625 614 2667 sua
636 2606 768 2668 membra
789 2606 960 2685 plicantem:

122 2689 171 2750 tali
192 2692 314 2766 remigio
337 2693 417 2751 navis
439 2708 471 2752 se
491 2692 574 2752 tarda
596 2690 745 2758 movebat3

122 2772 184 2833 vela
207 2774 276 2834 lacit
297 2781 393 2835 tamen
417 2782 446 2836 et
466 2774 561 2853 plenis
583 2774 661 2836 subit
683 2775 755 2834 ostia
776 2773 855 2836 velis.

124 2857 291 2934 Sergestum
315 2859 427 2919 derreas
450 2861 594 2936 promisso
617 2862 739 2919 munere
761 2858 850 2918 donat

122 2947 265 3000 servatam
289 2939 325 3000 ob
345 2959 448 3002 navem
469 2942 562 3004 laetus
583 2943 737 3018 sociosque
756 2941 903 3001 reductos.

122 3022 170 3082 olli
193 3040 275 3083 serva
296 3023 394 3094 datur,
418 3043 541 3103 operum
563 3027 633 3086 hant
656 3027 756 3102 ignara
777 3024 937 3094 Minervae,
1039 3065 1044 3073 ·

123 3105 226 3166 Cressa
248 3123 354 3183 genus,
375 3109 501 3178 Pholoe,
525 3112 691 3186 geminique
714 3107 768 3166 sub
791 3108 884 3168 ubere
905 3109 974 3168 nati.
1083 3116 1133 3170 285

163 3190 224 3250 lloc
245 3192 309 3268 pius
326 3193 439 3253 Aeneas
460 3194 548 3253 misso
571 3192 728 3253 certamine
750 3191 841 3251 tendit

121 3275 301 3351 gramineum
324 3278 353 3334 in
376 3294 526 3355 campum,
551 3295 637 3354 quem
662 3273 783 3335 cedibus
802 3275 932 3353 undique
954 3274 1049 3335 curris

121 3356 275 3434 cingebant
295 3357 395 3427 silvae,
419 3360 573 3436 mediaque
595 3362 624 3419 in
640 3358 713 3418 valle
732 3357 837 3419 theatri

120 3440 216 3501 circus
239 3448 316 3507 erat:
340 3459 397 3519 quo
419 3461 451 3502 se
473 3442 571 3503 multis
594 3461 661 3504 cum
682 3440 799 3501 milibus
819 3442 907 3502 heros

120 3540 258 3584 consoseu
279 3525 408 3585 medium
429 3524 494 3584 tulit
519 3532 708 3603 extructoque
731 3526 839 3584 resedit
1080 3529 1134 3584 Μ
