2512 4096
119 220 181 284 330
456 229 597 277 venena
615 229 739 277 anivers
756 232 791 276 xr

119 388 258 464 ingruere
281 385 411 446 infensos
432 384 524 444 hostie
546 392 575 444 et
595 384 688 446 Marte
709 384 837 445 seeundo

121 472 217 530 emnia
241 468 427 548 corripuisse,
447 473 559 528 metum
580 468 637 528 iam
657 467 694 528 ad
715 469 829 528 moenia
851 467 937 530 ferri.

120 550 169 613 ille
190 552 291 613 iurene
315 551 354 628 (et
376 568 461 612 saeva
483 552 559 612 levis
581 553 623 612 aie
645 553 765 614 numina
788 550 914 630 pellunt)

120 634 230 697 deterit
251 634 387 696 obsessos
410 634 502 705 collis,
525 652 646 696 nemora
668 652 771 713 aspera
792 633 909 714 linquit.

119 720 167 778 vix
189 737 205 780 e
228 727 387 797 eonspeetu
409 719 519 780 exierat
541 735 733 796 campumque
754 718 882 788 tenebat,

120 819 188 862 eum
209 811 292 881 pater
313 803 426 863 Aeneae
447 801 537 864 saltus
558 803 708 878 ingressus
730 811 848 881 apertos

120 894 336 965 exsuperatque
356 886 457 964 iugum
480 884 607 964 silvaque
630 885 723 947 evadit
745 904 846 964 opaea.

120 968 267 1030 sicambe
289 969 327 1030 ad
349 986 449 1030 muros
471 968 566 1046 rapidi
587 975 707 1047 totoque
729 969 864 1033 feruntur

37 1055 40 1060 '
120 1053 236 1129 agmine
258 1051 428 1129 neelengis
448 1053 576 1113 interae
597 1051 730 1130 passibus
752 1052 870 1122 abeunt;

120 1153 155 1196 ae
176 1134 262 1196 simul
283 1138 396 1196 Aeneas
418 1135 557 1196 fumantis
577 1133 698 1214 pulvere
720 1154 838 1215 campus

119 1219 270 1298 prespexit
290 1217 377 1297 longe
398 1218 614 1295 Laurentiaque
635 1221 752 1296 agmina
772 1219 853 1295 vidit,

121 1310 151 1362 et
172 1318 288 1363 saevom
309 1303 426 1364 Aenean
449 1302 585 1378 adgnovit
606 1303 723 1363 Turnus
745 1304 775 1363 in
796 1306 885 1364 armis

120 1383 334 1464 adventumque
354 1386 463 1464 pedum
481 1385 625 1464 flatusque
647 1386 756 1448 audivit
777 1405 935 1465 equorum.

121 1468 317 1546 continuoque
338 1469 436 1530 ineant
453 1485 566 1547 pugnus
589 1476 618 1531 et
638 1469 748 1546 proelia
768 1477 922 1548 temptent,

120 1551 150 1610 ni
168 1567 271 1611 nereus
289 1551 382 1612 sessor
402 1545 460 1613 iam
481 1553 597 1630 gurgite
618 1552 755 1614 Phoebus
776 1553 885 1615 Hibero

120 1634 233 1708 tinguat
254 1651 345 1714 equos
366 1643 541 1713 noctemque
561 1635 607 1696 die
629 1635 746 1698 labente
767 1635 902 1698 redueat:

121 1715 277 1776 considunt
298 1718 401 1777 caetris
422 1724 490 1778 ante
513 1717 618 1780 urbem
642 1728 669 1779 et
690 1721 804 1781 moenia
828 1720 943 1783 valiant,
