2512 4096
402 289 545 336 vultam
567 287 694 337 Amnum
708 288 731 331 V

56 448 197 511 ⁴lunonis
218 447 313 524 gravis
333 447 377 505 ira
395 461 490 522 neque
511 441 705 503 exsaturabile
725 449 828 520 peotus

58 536 168 608 cogunt
187 547 249 599 me,
272 527 421 605 Neptune,
444 544 548 604 preces
569 526 747 586 descendere
768 528 798 585 in
820 526 930 594 omnis,

57 631 147 692 quarn
167 629 223 673 nee
242 610 329 688 longa
352 610 413 670 dies
433 611 525 686 pietas
546 627 602 669 neo
622 611 735 686 mitigat
752 609 826 678 ulla,

57 712 116 755 neo
138 694 213 755 loris
234 695 357 772 imperio
380 692 504 771 latisque
525 694 647 753 infracta
667 694 797 769 quiescit.

57 794 119 838 nou
138 778 234 838 media
254 777 292 838 de
314 786 401 854 gente
418 777 567 856 Phrygum
589 776 720 836 exedisse
737 776 870 836 nefandis

57 858 164 922 urbem
185 861 258 921 odiis
276 855 345 922 sat'is
367 867 411 920 est
433 878 489 921 neo
511 877 636 938 poenam
658 865 741 920 traxe
761 877 815 936 per
836 876 967 919 omnem:

56 943 195 1021 reliquias
217 945 337 1014 Troiae,
358 944 472 1004 cineres
493 953 581 1022 atque
603 960 669 1002 ossa
690 950 861 1020 peremptae

57 1028 231 1105 insequitur.
276 1044 378 1088 causas
396 1028 469 1086 tanti
487 1028 559 1086 sciat
579 1025 626 1087 illa
649 1026 767 1087 furoris.

57 1111 121 1187 ipse
142 1111 214 1170 mihi
235 1128 330 1188 nuper
350 1111 465 1190 Libycis
485 1119 518 1170 tu
535 1111 617 1170 testis
637 1111 787 1178 luendis,

57 1209 147 1271 quam
166 1191 273 1253 molem
295 1192 392 1253 subito
415 1194 548 1253 excierit:
571 1194 662 1252 maria
690 1194 787 1251 omnia
809 1190 889 1252 caelo

56 1276 188 1345 miscuit,
209 1275 316 1336 Aeoliis
336 1277 514 1353 nequiquam
536 1275 610 1335 freta
630 1275 782 1352 procellis,

57 1360 88 1418 in
106 1360 207 1436 regnis
225 1358 283 1418 hoo
303 1376 372 1418 ausa
394 1360 460 1418 tuis.

56 1459 112 1519 per
134 1441 230 1502 scelus
250 1460 320 1502 ecoe
337 1443 423 1501 etiam
446 1442 579 1501 Troianis
600 1441 742 1502 matribus
763 1443 834 1502 actis
887 1510 891 1518 ,

58 1526 168 1586 exussit
190 1525 274 1586 foede
295 1526 418 1603 puppis,
442 1533 471 1585 et
493 1526 584 1584 classe
605 1524 718 1601 subegit

58 1610 164 1668 amissa
184 1610 279 1668 socios
298 1611 414 1683 ignotae
434 1606 568 1686 linquere
589 1618 695 1668 terrae.

59 1690 138 1769 quod
158 1699 294 1769 superest
315 1709 368 1751 oro
389 1690 474 1753 liceat
495 1691 566 1752 dare
587 1699 648 1752 tuta
670 1709 724 1769 per
746 1692 839 1752 undas

57 1773 121 1834 vela
141 1775 211 1844 tihi,
234 1774 319 1836 liceat
339 1776 515 1837 Laurentem
536 1778 678 1852 attingere
700 1775 856 1853 Thybrim,

57 1859 83 1918 si
105 1875 244 1918 concessa
265 1865 348 1935 peto,
372 1861 398 1919 si
417 1860 487 1920 dant
506 1878 541 1919 ea
561 1860 675 1919 moenia
695 1857 826 1936 paroae'

57 1947 121 2001 tum
142 1941 296 2000 Saturnius
314 1942 387 2000 haec
404 1941 529 2001 domitor
551 1943 641 2002 maris
663 1941 753 2000 edidit
772 1940 837 1999 alti:

59 2023 121 2081 ‘fas
143 2039 230 2080 omne
251 2029 310 2091 est,
333 2023 491 2101 Cytherea,
512 2025 585 2083 meis
605 2031 635 2082 te
654 2023 745 2082 fidere
765 2023 879 2097 regnis,
952 2059 957 2068 ·

58 2104 137 2165 unde
159 2121 252 2180 genus
270 2103 361 2164 ducis.
405 2108 500 2166 merui
521 2123 653 2184 quoque:
675 2122 763 2182 saepe
785 2105 901 2164 furores

59 2188 220 2264 compressi
241 2193 269 2246 et
290 2186 403 2247 rabiem
422 2195 531 2247 tantam
554 2189 684 2266 caelique
701 2188 857 2265 marisque.

58 2289 115 2332 neo
134 2271 231 2329 minor
251 2271 281 2328 in
302 2271 389 2330 terris
412 2269 570 2348 (Xanthum
591 2271 796 2348 Simoentaque
816 2269 918 2349 testor)

57 2358 174 2415 Aeneae
191 2353 262 2412 mihi
284 2370 354 2413 cura
375 2354 427 2414 tui.
472 2371 539 2413 curn
560 2355 648 2414 Troia
667 2353 795 2414 Achilles

58 2438 220 2498 exanimata
242 2453 369 2513 sequens
388 2438 553 2514 inpingeret
573 2439 689 2515 agmina
711 2438 817 2506 muris,

58 2521 136 2581 milia
156 2518 246 2579 multa
266 2519 350 2579 daret
368 2519 442 2590 leto,
465 2528 673 2600 gemerentque
694 2519 799 2598 repleti

58 2621 174 2671 amnes,
195 2620 251 2663 nec
271 2605 404 2681 reperire
424 2605 500 2664 riam
521 2612 608 2683 atque
627 2605 760 2665 evolvere
778 2614 878 2683 posset

57 2688 88 2746 in
109 2704 191 2746 mare
212 2705 245 2747 se
264 2685 411 2757 Xanthus,
433 2686 551 2748 Pelidae
571 2698 640 2748 tunc
662 2705 717 2764 ego
739 2688 809 2747 forti

59 2786 251 2847 congressum
272 2771 390 2831 Aenean
411 2788 467 2831 nec
488 2771 532 2831 dis
553 2790 608 2832 nec
626 2771 737 2831 viribus
758 2773 859 2849 aequis

58 2851 138 2912 nube
160 2869 229 2913 cava
250 2855 350 2930 rapui,
374 2872 514 2931 cuperem
536 2873 604 2915 cum
624 2863 740 2915 vertere
760 2853 796 2913 ab
818 2857 877 2914 imo
1019 2864 1071 2916 81⁰

58 2943 168 2996 shucta
187 2936 260 2996 meis
280 2935 414 2996 manibus
435 2937 570 3014 periurae
591 2939 706 2997 moenia
727 2936 842 2998 Troiae.

58 3036 137 3079 nunc
158 3036 276 3097 quoque
292 3036 376 3078 mens
398 3019 499 3079 eadem
520 3027 630 3096 perstat
649 3019 736 3088 mihi,
758 3019 834 3097 pelle
855 3023 984 3081 timores.

58 3109 138 3162 tutus
158 3119 231 3178 quos
253 3110 336 3179 optas
361 3110 465 3181 portus
481 3101 601 3162 accedet
619 3104 734 3161 hverni.

44 3186 142 3245 'unns'
156 3186 210 3244 erit
230 3191 358 3260 tantum,
381 3187 519 3247 amissum
542 3203 629 3263 mem
648 3187 762 3260 gurgite
785 3193 923 3264 quaeret;

58 3283 150 3328 unum
170 3284 225 3343 pro
247 3268 344 3328 multis
367 3268 483 3329 dabitur
504 3267 614 3345 caput.⁸
1018 3277 1068 3331 815

58 3350 103 3410 his
123 3349 176 3410 ubi
194 3349 268 3410 laeta
289 3351 361 3413 deae
378 3350 531 3431 permulsit
548 3360 669 3430 pectora
689 3352 787 3423 dictis,

58 3435 151 3508 iungit
171 3450 262 3510 equos
283 3451 356 3493 auro
376 3438 492 3510 genitor
513 3438 735 3514 spumantiaque
756 3437 836 3498 addit

58 3515 142 3576 irena
163 3516 234 3576 ieris
255 3516 447 3594 manibusque
468 3521 562 3578 omnis
581 3520 702 3579 effundit
722 3520 860 3581 habenas.
