2512 4096
468 291 611 341 vnnomr
632 293 757 343 annuus
777 293 805 341 11
1083 277 1143 340 123

127 449 198 533 quid
217 448 291 511 ruris
312 454 364 509 aut
385 465 513 546 quonam
534 449 627 508 nostri
644 447 698 510 tibi
721 466 791 510 cura
812 445 953 509 recessit?
1092 457 1143 512 596

126 550 187 597 non
207 531 291 611 prius
310 532 449 610 aspicies,
468 531 520 593 uhi
541 531 652 593 fessum
673 540 766 594 aetate
785 537 937 610 parentem

125 615 247 698 ’iqueris
268 614 428 687 Anchisen,
449 622 569 694 superet
590 617 755 677 coniunxne
777 615 886 677 Creusa

124 700 326 778 Ascaniusque
347 700 439 778 pueri
462 717 537 779 quos
557 700 652 760 omnis
672 699 802 779 undique
823 699 927 761 Graiae

126 784 240 847 circam
262 790 364 844 errant
384 785 461 844 acies
482 790 526 854 et,
547 784 578 843 ui
594 801 661 845 mea
681 801 752 845 cura
770 784 900 851 resistat,

125 869 183 930 iem
203 867 339 928 flammae
360 866 481 929 tulerint
500 868 634 930 iuimicus
656 876 686 928 et
705 867 835 929 hauserit
856 867 942 929 emis.

124 968 187 1014 non
206 949 260 1012 tibi
277 950 450 1030 Tyndaridis
471 950 560 1013 facies
582 953 671 1012 inrisa
692 951 842 1014 Lacaenae

126 1034 296 1115 culpatusve
316 1035 413 1104 Paris;
436 1034 533 1096 divom
552 1035 751 1106 inclementia,
772 1034 882 1105 divom,

124 1119 179 1181 has
200 1121 305 1181 evertit
323 1136 394 1197 opes
417 1121 579 1200 sternitque
597 1136 615 1180 a
637 1120 763 1183 culmine
780 1119 908 1179 Troiam.

124 1203 225 1282 aspice
246 1201 383 1283 (namque
402 1221 536 1275 omnem,
550 1222 633 1283 quae
652 1222 732 1264 nunc
752 1203 880 1264 obducta
900 1203 991 1263 tuenti

125 1285 258 1349 mortalis
277 1285 397 1348 hebetat
418 1288 496 1348 visus
515 1286 569 1348 tibi
590 1295 621 1350 et
640 1286 739 1349 umida
762 1288 874 1348 circum

126 1370 245 1448 caligat,
264 1369 375 1432 nubem
395 1371 529 1448 eripiam;
549 1378 582 1433 tu
603 1389 697 1451 nequa
720 1372 850 1450 parentis

126 1455 205 1517 iussa
227 1455 298 1517 time
316 1471 374 1516 neu
396 1456 561 1533 praeceptis
581 1472 688 1533 parere
707 1456 837 1535 recusa):

126 1537 189 1609 bic,
210 1536 262 1599 ubi
287 1536 421 1599 disiectas
441 1537 534 1599 moles
555 1537 711 1618 avolsaque
733 1538 810 1599 saxis

125 1639 195 1683 saxa
216 1621 297 1683 vides
317 1623 467 1700 mixtoque
485 1621 645 1685 undantem
665 1621 786 1701 pulvere
800 1622 935 1690 lumum,

125 1704 280 1785 Neptunus
300 1722 401 1767 muros
422 1723 588 1787 magnoque
609 1715 704 1769 emota
726 1708 845 1769 tridenti

126 1788 315 1851 fundamenta
337 1792 429 1869 quatit
450 1798 600 1871 totamque
621 1810 639 1853 a
660 1791 780 1854 sedibus
800 1791 907 1854 urbem

126 1873 213 1935 eruit.
255 1873 304 1934 bic
322 1874 395 1935 luno
417 1874 523 1937 Scaeas
545 1877 711 1937 saevissima
730 1884 832 1956 portas

126 1957 220 2035 prima
240 1963 334 2027 tenet,
355 1959 527 2038 sociumque
548 1958 651 2020 lureus
670 1977 686 2020 a
709 1958 832 2019 naribus
848 1972 957 2065 agmen

128 2038 208 2101 lerro
228 2041 358 2103 accincta
375 2049 468 2103 vocat.

125 2137 183 2184 nm
204 2141 333 2186 summas
355 2141 439 2186 arces
456 2124 587 2185 Tritonia
607 2124 740 2202 (respice)
761 2120 856 2182 Pallas

124 2206 244 2279 insedit,
262 2207 353 2270 limbo
376 2203 518 2283 effulgens
536 2214 565 2268 et
584 2206 722 2284 Gorgone
743 2221 837 2264 saeva.

124 2292 187 2371 ipse
203 2298 288 2372 pater
308 2291 413 2353 Danais
434 2291 548 2350 animos
567 2290 702 2367 viresque
722 2286 866 2350 secundas

124 2375 246 2446 suffieit,
265 2376 329 2454 ipse
349 2374 420 2436 deos
440 2374 471 2434 in
492 2372 627 2435 Dardana
647 2372 767 2434 suscitat
788 2389 879 2433 arma.

125 2460 220 2538 eripe,
240 2465 323 2528 nate,
345 2459 460 2536 fugam,
482 2457 630 2536 finemque
647 2456 755 2536 inpone
775 2455 880 2518 labori.
928 2518 942 2535 ,,

124 2559 268 2623 nusquam
288 2541 378 2604 abero
401 2550 429 2605 et
451 2549 545 2604 tutum
562 2541 658 2621 patrio
680 2549 709 2603 te
730 2540 829 2603 limibe
852 2538 980 2601 sistam’

125 2625 252 2697 dixerat,
276 2633 305 2688 et
325 2628 425 2707 spissis
442 2628 537 2688 noctis
557 2643 590 2687 se
612 2624 740 2687 condidit
758 2623 880 2693 umbris.

124 2716 267 2790 apparent
288 2709 369 2772 dirae
391 2711 480 2773 iacies
496 2711 673 2789 inimicaque
694 2708 800 2769 Troiae

124 2795 244 2855 numina
266 2810 370 2871 magna
392 2795 490 2856 deum.

164 2877 241 2941 Tum
263 2894 334 2936 vero
355 2892 443 2937 omne
462 2878 534 2938 mihi
555 2880 647 2938 visum
670 2873 873 2937 considerem
894 2876 969 2952 igme

122 2959 209 3023 llirnn
230 2962 261 3016 et
281 2957 398 3019 eximo
419 2960 493 3017 verti
512 2959 658 3036 Neptunia
679 2958 783 3027 Troia;

122 3060 158 3104 ac
179 3038 269 3103 veluti
288 3038 411 3099 summis
429 3041 577 3119 antiquam
597 3044 628 3102 in
645 3041 796 3103 montibus
814 3059 920 3103 ornum

124 3143 192 3186 cum
214 3122 294 3182 ferro
314 3121 440 3184 accisam
462 3121 633 3204 crebrisque
653 3124 830 3221 bipennibus
844 3126 953 3188 instant

123 3221 230 3267 eruere
251 3204 395 3283 agricolae
416 3207 566 3277 certatim,
587 3207 637 3272 illa
657 3214 753 3289 usque
770 3211 899 3273 minatur

123 3296 153 3351 et
173 3287 346 3351 uemdaeu
374 3307 489 3355 comam
516 3310 660 3357 ooncuuo
681 3293 790 3357 verace
810 3301 908 3366 nutat,

123 3368 292 3432 volueribus
310 3372 403 3436 donec
425 3375 565 3455 paulatim
587 3380 678 3440 evicta
698 3395 869 3477 supremum

123 3456 290 3533 congemuit
310 3460 487 3537 traxitque
477 3463 553 3539 rugis
574 3462 672 3524 avolsa
689 3462 815 3525 ruinam.

122 3538 321 3610 descendo,a
304 3559 338 3602 ac
362 3539 487 3604 ducente
507 3543 563 3605 deo
584 3545 731 3607 hammam
750 3546 827 3608 iuter
849 3554 878 3607 et
899 3546 991 3607 hostis
