2512 4096
179 244 219 306 66
467 254 611 303 vanuum
634 254 836 304 uuouorcon
857 257 896 302 ιιι

179 410 283 480 sudor,
307 419 334 471 et
356 411 461 471 hirsuti
483 418 642 472 secuerunt
664 427 789 487 corpora
810 426 922 486 vepres,

178 491 313 555 dulcibus
334 495 445 555 idcirco
466 493 561 555 fluviis
583 511 674 571 pecus
695 512 782 554 omne
803 493 935 569 magistri

178 577 368 654 perfundunt,
391 578 514 657 udisque
537 578 613 639 aries
635 580 665 637 in
687 579 803 654 gurgite
825 577 898 636 villis

178 669 337 731 mersatur,
360 663 525 742 missusque
547 661 676 722 secundo
699 659 800 721 delinit
821 660 916 726 amni;

178 751 228 804 aut
249 754 366 807 tonsum
390 747 463 806 tristi
485 747 657 824 contingunt
680 762 788 821 corpus
809 761 938 811 amurca,

178 835 207 887 et
228 845 346 905 spumas
368 831 492 890 miscent
513 830 626 907 argenti
648 835 677 889 et
698 827 817 905 sulpura
840 829 904 887 viva

177 910 338 989 Idaeasque
358 914 438 990 pices
461 920 489 974 et
510 915 626 992 pinguis
647 912 776 991 unguine
799 929 882 972 ceras

177 993 347 1075 scillamque
369 995 573 1074 elleborosque
595 997 690 1074 gravis
712 997 888 1074 nigrumque
909 993 1053 1056 bitumen.

178 1096 237 1138 non
259 1087 356 1140 tamen
378 1078 437 1140 ulla
460 1082 552 1157 magis
574 1098 713 1157 praesens
736 1080 852 1139 fortuna
874 1077 1048 1149 laborumst,

178 1181 265 1241 quam
287 1164 376 1242 siquis
399 1163 477 1224 lerro
499 1165 594 1241 potuit
614 1165 784 1225 rescindere
805 1179 953 1223 summum

177 1245 284 1307 ulceris
306 1265 354 1306 os:
384 1246 471 1307 alitur
493 1248 594 1309 vitium
616 1248 743 1327 vivitque
765 1246 899 1325 tegendo,

104 1354 107 1360 ²
178 1329 248 1389 dum
269 1330 398 1391 medicas
419 1331 560 1392 adbibere
581 1349 686 1392 manus
709 1331 744 1391 ad
766 1329 885 1390 volnera
906 1335 1007 1407 pastor

77 1465 81 1475 .
178 1411 318 1489 abnegat,
343 1422 371 1473 et
392 1413 512 1475 meliora
535 1415 605 1475 deos
627 1414 710 1475 sedet
732 1415 826 1475 omnia
849 1431 982 1491 poscens.

178 1498 248 1574 quin
271 1496 366 1566 etiam,
389 1498 446 1557 ima
469 1496 552 1558 dolor
574 1497 725 1559 balantum
746 1496 847 1575 lapsus
868 1498 904 1558 ad
927 1515 992 1557 ossa

178 1597 245 1640 cum
269 1579 340 1640 lurit
361 1588 448 1658 atque
468 1588 549 1642 artus
571 1582 738 1659 depascitur
761 1583 840 1642 arida
864 1581 962 1650 febris,

178 1663 287 1741 proluit
309 1665 444 1723 incensos
466 1672 563 1725 aestus
585 1674 718 1726 avertere
740 1673 768 1725 et
789 1666 865 1726 inter
954 1740 958 1746 Ι

178 1749 235 1807 ima
257 1747 345 1808 scrire
367 1747 449 1825 pedis
472 1746 620 1808 salientem
644 1751 785 1828 sanguine
806 1767 918 1818 venam,

180 1830 302 1892 Bisaltae
325 1850 383 1910 quo
405 1850 488 1893 more
509 1832 604 1893 solent
626 1852 752 1913 acerque
775 1832 913 1902 Gelonus,

178 1934 243 1976 cum
268 1915 341 1993 fugit
362 1915 392 1974 in
414 1915 577 1994 Rhodopen
599 1926 686 1997 atque
707 1919 736 1978 in
760 1918 875 1978 deserta
898 1917 1047 1985 Getarum,

178 2006 206 2060 et
227 1998 272 2060 lac
295 2007 465 2061 concretum
488 2020 555 2061 cum
577 2004 718 2080 sanguine
739 2009 821 2078 potat
842 2002 958 2078 equino.

177 2102 264 2162 quam
286 2083 390 2161 procul
412 2091 462 2146 aut
482 2085 562 2146 molli
584 2087 743 2147 succedere
764 2087 880 2163 saepius
901 2084 1024 2145 umbrae

178 2166 283 2227 videris
305 2176 355 2227 aut
376 2187 505 2230 summas
527 2178 696 2248 carpentem
717 2170 848 2246 ignavius
869 2168 992 2236 herbas,

177 2257 395 2329 extremamque
416 2258 498 2331 sequi
520 2262 571 2314 aut
591 2264 687 2314 medio
708 2252 905 2331 procumbere
927 2270 1031 2331 campo

176 2341 343 2410 pascentem
366 2342 395 2395 et
415 2353 499 2396 serae
520 2337 611 2396 solam
634 2338 779 2398 decedere
800 2338 887 2407 nocti,

178 2417 314 2476 continuo
337 2416 453 2494 culpam
475 2420 555 2480 lerro
578 2438 733 2498 compesce
754 2422 836 2497 prius
859 2440 946 2499 quam

177 2499 239 2559 dira
262 2517 315 2577 per
337 2501 486 2561 incautum
509 2510 628 2580 serpant
650 2505 782 2581 contagia
805 2503 914 2582 volgus.

177 2601 236 2643 uon
258 2591 317 2644 tam
341 2584 446 2645 creber
468 2602 557 2662 agens
578 2587 705 2647 hiemem
727 2587 787 2646 ruit
808 2605 935 2671 aequore
957 2589 1054 2658 turbo,
1138 2599 1187 2654 tto

177 2686 264 2748 quam
285 2667 394 2730 multae
416 2669 562 2746 pecudum
582 2677 690 2747 pestes.
734 2687 789 2731 nec
811 2669 923 2749 singula
945 2673 1041 2733 morbi

176 2769 301 2830 corpora
324 2754 500 2830 corripiunt,
524 2753 576 2814 sed
589 2761 649 2814 tota
672 2754 778 2814 aestiva
800 2762 930 2832 repente,

176 2853 316 2915 spemque
338 2854 516 2915 gregemque
539 2838 624 2897 simul
646 2846 839 2917 cunctamque
861 2838 897 2898 ab
920 2843 1032 2919 origine
1059 2847 1185 2919 gentem.

175 2925 237 2978 tum
261 2922 347 2989 sciat,
370 2921 465 2981 aerias
486 2920 566 2999 Alpis
588 2930 616 2982 et
638 2922 744 2983 Norica
767 2924 856 3000 siquis

177 3003 292 3063 castella
315 3005 344 3063 in
367 3005 485 3065 tumulis
508 3015 536 3066 ct
557 3007 671 3087 Iapydis
694 3024 761 3067 arva
784 3005 893 3067 Timavi
1136 3016 1186 3071 tlt

175 3103 254 3146 nunc
277 3107 392 3168 quoque
414 3097 480 3166 post
501 3097 581 3150 tanto
603 3093 698 3151 videat
720 3091 893 3169 desertaque
914 3106 1006 3166 regna

175 3177 326 3247 pastorum
349 3180 377 3232 et
398 3172 485 3249 longe
508 3172 597 3234 saltus
618 3174 734 3251 lateque
756 3176 893 3234 vacantis.

217 3254 271 3313 llic
294 3255 440 3333 quondam
462 3256 567 3315 morbo
590 3256 661 3316 caeli
683 3255 848 3316 miseranda
866 3265 995 3317 coortast

175 3345 333 3415 tempestas
355 3346 474 3417 totoqre
496 3341 627 3399 autumni
649 3338 798 3398 incanduit
819 3346 908 3410 aestu,

177 3428 202 3483 el
225 3440 318 3503 genus
340 3440 427 3483 omne
448 3424 513 3482 neci
534 3422 680 3500 pecudum
702 3422 794 3491 dedit,
819 3441 904 3486 omne
927 3425 1065 3494 serarum,
1134 3437 1185 3490 48⁰

177 3507 365 3586 corrupitque
386 3506 481 3573 lacus,
504 3506 605 3567 iniecit
625 3505 731 3586 pabula
753 3507 831 3567 tabe.
