<?xml version="1.0" encoding="UTF-8"?>
<!DOCTYPE html PUBLIC "-//W3C//DTD XHTML 1.0 Transitional//EN"
    "http://www.w3.org/TR/xhtml1/DTD/xhtml1-transitional.dtd">
<html xmlns="http://www.w3.org/1999/xhtml" xml:lang="en" lang="en">
 <head>
  <title>
</title>
<meta http-equiv="Content-Type" content="text/html;charset=utf-8" />
  <meta name='ocr-system' content='tesseract 3.04.00' />
  <meta name='ocr-capabilities' content='ocr_page ocr_carea ocr_par ocr_line ocrx_word'/>
</head>
<body>
  <div class='ocr_page' id='page_1' title='image "./pvergilimaronis12virggoog/pvergilimaronis12virggoog_0398.png"; bbox 0 0 2512 4096; ppageno 0'>
   <div class='ocr_carea' id='block_1_1' title="bbox 560 253 1130 317">
    <p class='ocr_par' dir='ltr' id='par_1_1' title="bbox 560 253 1130 317">
     <span class='ocr_line' id='line_1_1' title="bbox 560 253 1130 317; baseline -0.004 0"><span class='ocrx_word' id='word_1_1' title='bbox 560 267 683 317; x_wconf 84' lang='lat' dir='ltr'><strong>cunnx.</strong></span> <span class='ocrx_word' id='word_1_2' title='bbox 1031 268 1033 272; x_wconf 52' lang='lat'><strong><em>⁴</em></strong></span> <span class='ocrx_word' id='word_1_3' title='bbox 1069 253 1130 316; x_wconf 86' lang='grc'><strong>367</strong></span> 
     </span>
    </p>
   </div>
   <div class='ocr_carea' id='block_1_2' title="bbox 86 421 1132 3491">
    <p class='ocr_par' dir='ltr' id='par_1_2' title="bbox 121 421 1132 1480">
     <span class='ocr_line' id='line_1_2' title="bbox 121 421 1132 501; baseline -0.006 -14"><span class='ocrx_word' id='word_1_4' title='bbox 121 424 164 487; x_wconf 91' lang='lat' dir='ltr'><strong>illi</strong></span> <span class='ocrx_word' id='word_1_5' title='bbox 185 422 271 484; x_wconf 92' lang='lat' dir='ltr'><strong>laude</strong></span> <span class='ocrx_word' id='word_1_6' title='bbox 292 441 344 484; x_wconf 86' lang='lat' dir='ltr'><strong>sua</strong></span> <span class='ocrx_word' id='word_1_7' title='bbox 365 423 496 501; x_wconf 84' lang='lat' dir='ltr'><strong>vigeant:</strong></span> <span class='ocrx_word' id='word_1_8' title='bbox 520 439 575 500; x_wconf 91' lang='lat' dir='ltr'><strong>ego</strong></span> <span class='ocrx_word' id='word_1_9' title='bbox 596 421 670 482; x_wconf 89' lang='lat' dir='ltr'><strong>Ditis</strong></span> <span class='ocrx_word' id='word_1_10' title='bbox 691 439 798 500; x_wconf 91' lang='lat' dir='ltr'><strong>opacos</strong></span> <span class='ocrx_word' id='word_1_11' title='bbox 1081 430 1132 482; x_wconf 80' lang='lat'><strong>372</strong></span> 
     </span>
     <span class='ocr_line' id='line_1_3' title="bbox 122 503 904 586; baseline -0.008 -18"><span class='ocrx_word' id='word_1_12' title='bbox 122 525 214 585; x_wconf 91' lang='lat' dir='ltr'><strong>cogor</strong></span> <span class='ocrx_word' id='word_1_13' title='bbox 235 505 316 567; x_wconf 89' lang='lat' dir='ltr'><strong>adire</strong></span> <span class='ocrx_word' id='word_1_14' title='bbox 337 504 433 574; x_wconf 87' lang='lat' dir='ltr'><strong>lacus,</strong></span> <span class='ocrx_word' id='word_1_15' title='bbox 455 523 576 575; x_wconf 85' lang='lat' dir='ltr'><strong>vacuos,</strong></span> <span class='ocrx_word' id='word_1_16' title='bbox 598 522 629 586; x_wconf 86' lang='lat' dir='ltr'><strong>a,</strong></span> <span class='ocrx_word' id='word_1_17' title='bbox 652 503 761 565; x_wconf 89' lang='lat' dir='ltr'><strong>lumine</strong></span> <span class='ocrx_word' id='word_1_18' title='bbox 782 503 904 572; x_wconf 84' lang='lat' dir='ltr'><strong>Phoebi,</strong></span> 
     </span>
     <span class='ocr_line' id='line_1_4' title="bbox 122 586 988 667; baseline -0.005 -15"><span class='ocrx_word' id='word_1_19' title='bbox 122 598 153 652; x_wconf 89' lang='lat' dir='ltr'><strong>et</strong></span> <span class='ocrx_word' id='word_1_20' title='bbox 174 596 286 650; x_wconf 84' lang='lat' dir='ltr'><strong>vastum</strong></span> <span class='ocrx_word' id='word_1_21' title='bbox 307 587 521 667; x_wconf 77' lang='lat' dir='ltr'><strong>Phlegethonta</strong></span> <span class='ocrx_word' id='word_1_22' title='bbox 542 588 619 666; x_wconf 88' lang='lat' dir='ltr'><strong>pati,</strong></span> <span class='ocrx_word' id='word_1_23' title='bbox 641 604 714 666; x_wconf 88' lang='lat' dir='ltr'><strong>qno,</strong></span> <span class='ocrx_word' id='word_1_24' title='bbox 737 589 863 647; x_wconf 84' lang='lat' dir='ltr'><strong>maxime</strong></span> <span class='ocrx_word' id='word_1_25' title='bbox 885 586 988 657; x_wconf 88' lang='lat' dir='ltr'><strong>blinos,</strong></span> 
     </span>
     <span class='ocr_line' id='line_1_5' title="bbox 121 669 1131 750; baseline -0.005 -16"><span class='ocrx_word' id='word_1_26' title='bbox 121 672 322 734; x_wconf 87' lang='lat' dir='ltr'><strong>conscelerata</strong></span> <span class='ocrx_word' id='word_1_27' title='bbox 343 673 391 750; x_wconf 93' lang='lat' dir='ltr'><strong>pia</strong></span> <span class='ocrx_word' id='word_1_28' title='bbox 413 670 555 731; x_wconf 81' lang='lat' dir='ltr'><strong>discernis</strong></span> <span class='ocrx_word' id='word_1_29' title='bbox 576 669 691 731; x_wconf 83' lang='lat' dir='ltr'><strong>vincula</strong></span> <span class='ocrx_word' id='word_1_30' title='bbox 711 670 790 731; x_wconf 89' lang='lat' dir='ltr'><strong>sede.</strong></span> <span class='ocrx_word' id='word_1_31' title='bbox 1081 678 1131 731; x_wconf 73' lang='lat' dir='ltr'><strong>sto</strong></span> 
     </span>
     <span class='ocr_line' id='line_1_6' title="bbox 122 752 854 834; baseline -0.003 -18"><span class='ocrx_word' id='word_1_32' title='bbox 122 774 194 834; x_wconf 89' lang='lat' dir='ltr'><strong>ergo</strong></span> <span class='ocrx_word' id='word_1_33' title='bbox 216 757 275 815; x_wconf 90' lang='lat' dir='ltr'><strong>iam</strong></span> <span class='ocrx_word' id='word_1_34' title='bbox 298 772 415 815; x_wconf 87' lang='lat' dir='ltr'><strong>causam</strong></span> <span class='ocrx_word' id='word_1_35' title='bbox 437 755 554 824; x_wconf 89' lang='lat' dir='ltr'><strong>mortis,</strong></span> <span class='ocrx_word' id='word_1_36' title='bbox 576 754 635 814; x_wconf 88' lang='lat' dir='ltr'><strong>iam</strong></span> <span class='ocrx_word' id='word_1_37' title='bbox 658 752 757 814; x_wconf 85' lang='lat' dir='ltr'><strong>dicere</strong></span> <span class='ocrx_word' id='word_1_38' title='bbox 778 755 854 814; x_wconf 87' lang='lat' dir='ltr'><strong>vitae</strong></span> 
     </span>
     <span class='ocr_line' id='line_1_7' title="bbox 121 834 887 914; baseline -0.004 -16"><span class='ocrx_word' id='word_1_39' title='bbox 121 837 295 900; x_wconf 87' lang='lat' dir='ltr'><strong>verberibus</strong></span> <span class='ocrx_word' id='word_1_40' title='bbox 316 855 417 898; x_wconf 89' lang='lat' dir='ltr'><strong>saevae</strong></span> <span class='ocrx_word' id='word_1_41' title='bbox 439 843 548 914; x_wconf 87' lang='lat' dir='ltr'><strong>cogunt</strong></span> <span class='ocrx_word' id='word_1_42' title='bbox 567 834 623 896; x_wconf 93' lang='lat' dir='ltr'><strong>sub</strong></span> <span class='ocrx_word' id='word_1_43' title='bbox 644 836 740 896; x_wconf 89' lang='lat' dir='ltr'><strong>indice</strong></span> <span class='ocrx_word' id='word_1_44' title='bbox 762 836 887 905; x_wconf 85' lang='lat' dir='ltr'><strong>Poenae,</strong></span> 
     </span>
     <span class='ocr_line' id='line_1_8' title="bbox 121 917 939 984; baseline -0.011 0"><span class='ocrx_word' id='word_1_45' title='bbox 121 941 190 984; x_wconf 94' lang='lat' dir='ltr'><strong>cum</strong></span> <span class='ocrx_word' id='word_1_46' title='bbox 211 921 285 982; x_wconf 90' lang='lat' dir='ltr'><strong>mihi</strong></span> <span class='ocrx_word' id='word_1_47' title='bbox 306 928 338 981; x_wconf 92' lang='lat' dir='ltr'><strong>tn</strong></span> <span class='ocrx_word' id='word_1_48' title='bbox 359 921 407 980; x_wconf 88' lang='lat' dir='ltr'><strong>sis·</strong></span> <span class='ocrx_word' id='word_1_49' title='bbox 421 938 507 980; x_wconf 90' lang='lat' dir='ltr'><strong>cansa</strong></span> <span class='ocrx_word' id='word_1_50' title='bbox 528 919 598 980; x_wconf 92' lang='lat' dir='ltr'><strong>mali</strong></span> <span class='ocrx_word' id='word_1_51' title='bbox 619 937 674 979; x_wconf 89' lang='lat' dir='ltr'><strong>nec</strong></span> <span class='ocrx_word' id='word_1_52' title='bbox 696 921 831 980; x_wconf 92' lang='lat' dir='ltr'><strong>conscius</strong></span> <span class='ocrx_word' id='word_1_53' title='bbox 852 917 939 980; x_wconf 90' lang='lat' dir='ltr'><strong>adsis.</strong></span> 
     </span>
     <span class='ocr_line' id='line_1_9' title="bbox 121 1002 883 1070; baseline -0.005 -4"><span class='ocrx_word' id='word_1_54' title='bbox 121 1005 174 1066; x_wconf 89' lang='lat' dir='ltr'><strong>sed</strong></span> <span class='ocrx_word' id='word_1_55' title='bbox 197 1012 229 1065; x_wconf 95' lang='lat' dir='ltr'><strong>tu</strong></span> <span class='ocrx_word' id='word_1_56' title='bbox 250 1002 406 1065; x_wconf 87' lang='lat' dir='ltr'><strong>mobilibus</strong></span> <span class='ocrx_word' id='word_1_57' title='bbox 428 1005 507 1064; x_wconf 89' lang='lat' dir='ltr'><strong>curis</strong></span> <span class='ocrx_word' id='word_1_58' title='bbox 529 1003 602 1063; x_wconf 91' lang='lat' dir='ltr'><strong>haec</strong></span> <span class='ocrx_word' id='word_1_59' title='bbox 622 1004 769 1064; x_wconf 89' lang='lat' dir='ltr'><strong>inmemor</strong></span> <span class='ocrx_word' id='word_1_60' title='bbox 792 1003 883 1070; x_wconf 84' lang='lat' dir='ltr'><strong>audis,</strong></span> 
     </span>
     <span class='ocr_line' id='line_1_10' title="bbox 122 1085 856 1155; baseline -0.003 -6"><span class='ocrx_word' id='word_1_61' title='bbox 122 1097 153 1149; x_wconf 93' lang='lat' dir='ltr'><strong>et</strong></span> <span class='ocrx_word' id='word_1_62' title='bbox 176 1095 273 1148; x_wconf 87' lang='lat' dir='ltr'><strong>tamen</strong></span> <span class='ocrx_word' id='word_1_63' title='bbox 295 1088 350 1148; x_wconf 91' lang='lat' dir='ltr'><strong>etsi</strong></span> <span class='ocrx_word' id='word_1_64' title='bbox 371 1086 468 1155; x_wconf 87' lang='lat' dir='ltr'><strong>audis,</strong></span> <span class='ocrx_word' id='word_1_65' title='bbox 492 1085 620 1147; x_wconf 85' lang='lat' dir='ltr'><strong>dimittes</strong></span> <span class='ocrx_word' id='word_1_66' title='bbox 642 1087 741 1146; x_wconf 91' lang='lat' dir='ltr'><strong>omnia</strong></span> <span class='ocrx_word' id='word_1_67' title='bbox 761 1088 856 1147; x_wconf 81' lang='lat' dir='ltr'><strong>ventis</strong></span> 
     </span>
     <span class='ocr_line' id='line_1_11' title="bbox 122 1169 845 1249; baseline -0.003 -18"><span class='ocrx_word' id='word_1_68' title='bbox 122 1179 153 1232; x_wconf 89' lang='lat' dir='ltr'><strong>et</strong></span> <span class='ocrx_word' id='word_1_69' title='bbox 173 1187 239 1230; x_wconf 89' lang='lat' dir='ltr'><strong>mea</strong></span> <span class='ocrx_word' id='word_1_70' title='bbox 261 1169 379 1230; x_wconf 81' lang='lat' dir='ltr'><strong>diffusas</strong></span> <span class='ocrx_word' id='word_1_71' title='bbox 400 1170 552 1249; x_wconf 89' lang='lat' dir='ltr'><strong>rapientur</strong></span> <span class='ocrx_word' id='word_1_72' title='bbox 575 1169 652 1229; x_wconf 90' lang='lat' dir='ltr'><strong>dicta</strong></span> <span class='ocrx_word' id='word_1_73' title='bbox 673 1187 727 1248; x_wconf 89' lang='lat' dir='ltr'><strong>per</strong></span> <span class='ocrx_word' id='word_1_74' title='bbox 750 1187 845 1231; x_wconf 89' lang='lat' dir='ltr'><strong>auras.</strong></span> 
     </span>
     <span class='ocr_line' id='line_1_12' title="bbox 122 1251 891 1332; baseline -0.003 -18"><span class='ocrx_word' id='word_1_75' title='bbox 122 1252 273 1332; x_wconf 90' lang='lat' dir='ltr'><strong>digredior</strong></span> <span class='ocrx_word' id='word_1_76' title='bbox 295 1270 454 1331; x_wconf 84' lang='lat' dir='ltr'><strong>numquam</strong></span> <span class='ocrx_word' id='word_1_77' title='bbox 475 1252 639 1312; x_wconf 89' lang='lat' dir='ltr'><strong>rediturus:</strong></span> <span class='ocrx_word' id='word_1_78' title='bbox 664 1261 695 1313; x_wconf 89' lang='lat' dir='ltr'><strong>tu</strong></span> <span class='ocrx_word' id='word_1_79' title='bbox 717 1251 780 1313; x_wconf 89' lang='lat' dir='ltr'><strong>cole</strong></span> <span class='ocrx_word' id='word_1_80' title='bbox 801 1251 891 1313; x_wconf 84' lang='lat' dir='ltr'><strong>fontis</strong></span> 
     </span>
     <span class='ocr_line' id='line_1_13' title="bbox 122 1334 885 1414; baseline 0 -17"><span class='ocrx_word' id='word_1_81' title='bbox 122 1345 153 1398; x_wconf 90' lang='lat' dir='ltr'><strong>et</strong></span> <span class='ocrx_word' id='word_1_82' title='bbox 173 1336 276 1396; x_wconf 81' lang='lat' dir='ltr'><strong>viridis</strong></span> <span class='ocrx_word' id='word_1_83' title='bbox 303 1353 457 1396; x_wconf 89' lang='lat' dir='ltr'><strong>nemorum</strong></span> <span class='ocrx_word' id='word_1_84' title='bbox 480 1334 566 1397; x_wconf 86' lang='lat' dir='ltr'><strong>silvas</strong></span> <span class='ocrx_word' id='word_1_85' title='bbox 588 1342 618 1396; x_wconf 90' lang='lat' dir='ltr'><strong>et</strong></span> <span class='ocrx_word' id='word_1_86' title='bbox 638 1353 746 1414; x_wconf 91' lang='lat' dir='ltr'><strong>pascua</strong></span> <span class='ocrx_word' id='word_1_87' title='bbox 768 1334 885 1398; x_wconf 68' lang='lat' dir='ltr'><strong>laetus?</strong></span> 
     </span>
     <span class='ocr_line' id='line_1_14' title="bbox 123 1419 847 1480; baseline 0.001 -1"><span class='ocrx_word' id='word_1_88' title='bbox 123 1420 197 1479; x_wconf 83' lang='lat' dir='ltr'><strong>dixit</strong></span> <span class='ocrx_word' id='word_1_89' title='bbox 218 1426 248 1479; x_wconf 89' lang='lat' dir='ltr'><strong>et</strong></span> <span class='ocrx_word' id='word_1_90' title='bbox 269 1426 399 1480; x_wconf 87' lang='lat' dir='ltr'><strong>extrema</strong></span> <span class='ocrx_word' id='word_1_91' title='bbox 421 1419 513 1479; x_wconf 90' lang='lat' dir='ltr'><strong>tristis</strong></span> <span class='ocrx_word' id='word_1_92' title='bbox 535 1436 601 1479; x_wconf 91' lang='lat' dir='ltr'><strong>cum</strong></span> <span class='ocrx_word' id='word_1_93' title='bbox 622 1437 694 1479; x_wconf 85' lang='lat' dir='ltr'><strong>voce</strong></span> <span class='ocrx_word' id='word_1_94' title='bbox 716 1420 847 1480; x_wconf 87' lang='lat' dir='ltr'><strong>recessit.</strong></span> 
     </span>
    </p>

    <p class='ocr_par' dir='ltr' id='par_1_3' title="bbox 86 1501 1129 3491">
     <span class='ocr_line' id='line_1_15' title="bbox 164 1501 854 1574; baseline 0.001 -12"><span class='ocrx_word' id='word_1_95' title='bbox 164 1503 249 1562; x_wconf 91' lang='lat' dir='ltr'><strong>Hunc</strong></span> <span class='ocrx_word' id='word_1_96' title='bbox 270 1501 313 1562; x_wconf 91' lang='lat' dir='ltr'><strong>ibi</strong></span> <span class='ocrx_word' id='word_1_97' title='bbox 334 1501 490 1562; x_wconf 89' lang='lat' dir='ltr'><strong>sollicitum</strong></span> <span class='ocrx_word' id='word_1_98' title='bbox 513 1501 623 1563; x_wconf 89' lang='lat' dir='ltr'><strong>dimisit</strong></span> <span class='ocrx_word' id='word_1_99' title='bbox 643 1503 750 1562; x_wconf 90' lang='lat' dir='ltr'><strong>inertia</strong></span> <span class='ocrx_word' id='word_1_100' title='bbox 771 1504 854 1574; x_wconf 88' lang='lat' dir='ltr'><strong>vitae,</strong></span> 
     </span>
     <span class='ocr_line' id='line_1_16' title="bbox 121 1584 888 1663; baseline 0.003 -17"><span class='ocrx_word' id='word_1_101' title='bbox 121 1586 246 1646; x_wconf 89' lang='lat' dir='ltr'><strong>interius</strong></span> <span class='ocrx_word' id='word_1_102' title='bbox 268 1587 394 1663; x_wconf 87' lang='lat' dir='ltr'><strong>graviter</strong></span> <span class='ocrx_word' id='word_1_103' title='bbox 415 1591 625 1663; x_wconf 87' lang='lat' dir='ltr'><strong>regemcntem.</strong></span> <span class='ocrx_word' id='word_1_104' title='bbox 648 1603 704 1645; x_wconf 89' lang='lat' dir='ltr'><strong>nec</strong></span> <span class='ocrx_word' id='word_1_105' title='bbox 725 1584 792 1646; x_wconf 91' lang='lat' dir='ltr'><strong>tulit</strong></span> <span class='ocrx_word' id='word_1_106' title='bbox 812 1587 888 1650; x_wconf 89' lang='lat' dir='ltr'><strong>ultra</strong></span> 
     </span>
     <span class='ocr_line' id='line_1_17' title="bbox 123 1667 880 1733; baseline 0.005 -4"><span class='ocrx_word' id='word_1_107' title='bbox 123 1667 260 1729; x_wconf 83' lang='lat' dir='ltr'><strong>sensibus</strong></span> <span class='ocrx_word' id='word_1_108' title='bbox 280 1668 408 1728; x_wconf 86' lang='lat' dir='ltr'><strong>inlusum</strong></span> <span class='ocrx_word' id='word_1_109' title='bbox 431 1667 534 1729; x_wconf 93' lang='lat' dir='ltr'><strong>culicis</strong></span> <span class='ocrx_word' id='word_1_110' title='bbox 556 1668 593 1729; x_wconf 88' lang='lat' dir='ltr'><strong>de</strong></span> <span class='ocrx_word' id='word_1_111' title='bbox 615 1676 709 1729; x_wconf 91' lang='lat' dir='ltr'><strong>morte</strong></span> <span class='ocrx_word' id='word_1_112' title='bbox 732 1668 880 1733; x_wconf 86' lang='lat' dir='ltr'><strong>dolorem:</strong></span> 
     </span>
     <span class='ocr_line' id='line_1_18' title="bbox 123 1750 849 1830; baseline 0.001 -18"><span class='ocrx_word' id='word_1_113' title='bbox 123 1759 389 1830; x_wconf 88' lang='lat' dir='ltr'><strong>quantumcumque</strong></span> <span class='ocrx_word' id='word_1_114' title='bbox 411 1750 467 1813; x_wconf 92' lang='lat' dir='ltr'><strong>sibi</strong></span> <span class='ocrx_word' id='word_1_115' title='bbox 488 1754 565 1813; x_wconf 81' lang='lat' dir='ltr'><strong>vires</strong></span> <span class='ocrx_word' id='word_1_116' title='bbox 587 1751 719 1814; x_wconf 89' lang='lat' dir='ltr'><strong>tribuero</strong></span> <span class='ocrx_word' id='word_1_117' title='bbox 740 1752 849 1815; x_wconf 89' lang='lat' dir='ltr'><strong>seniles</strong></span> 
     </span>
     <span class='ocr_line' id='line_1_19' title="bbox 123 1833 957 1918; baseline 0.006 -24"><span class='ocrx_word' id='word_1_118' title='bbox 123 1833 198 1915; x_wconf 87' lang='lat' dir='ltr'><strong>(quis</strong></span> <span class='ocrx_word' id='word_1_119' title='bbox 219 1843 318 1895; x_wconf 76' lang='lat' dir='ltr'><strong>mmen</strong></span> <span class='ocrx_word' id='word_1_120' title='bbox 338 1835 476 1896; x_wconf 80' lang='lat' dir='ltr'><strong>infestum</strong></span> <span class='ocrx_word' id='word_1_121' title='bbox 498 1853 633 1914; x_wconf 87' lang='lat' dir='ltr'><strong>pugnans</strong></span> <span class='ocrx_word' id='word_1_122' title='bbox 655 1836 803 1903; x_wconf 85' lang='lat' dir='ltr'><strong>devicerat</strong></span> <span class='ocrx_word' id='word_1_123' title='bbox 823 1838 957 1918; x_wconf 87' lang='lat' dir='ltr'><strong>hostem),</strong></span> 
     </span>
     <span class='ocr_line' id='line_1_20' title="bbox 121 1918 943 2000; baseline -0.001 -18"><span class='ocrx_word' id='word_1_124' title='bbox 121 1920 216 1982; x_wconf 80' lang='lat' dir='ltr'><strong>rivum</strong></span> <span class='ocrx_word' id='word_1_125' title='bbox 237 1926 359 2000; x_wconf 84' lang='lat' dir='ltr'><strong>propter</strong></span> <span class='ocrx_word' id='word_1_126' title='bbox 381 1936 472 1998; x_wconf 84' lang='lat' dir='ltr'><strong>aquae</strong></span> <span class='ocrx_word' id='word_1_127' title='bbox 494 1920 580 1981; x_wconf 86' lang='lat' dir='ltr'><strong>viridi</strong></span> <span class='ocrx_word' id='word_1_128' title='bbox 600 1918 655 1979; x_wconf 89' lang='lat' dir='ltr'><strong>sub</strong></span> <span class='ocrx_word' id='word_1_129' title='bbox 677 1919 782 1980; x_wconf 86' lang='lat' dir='ltr'><strong>fronde</strong></span> <span class='ocrx_word' id='word_1_130' title='bbox 803 1920 943 1981; x_wconf 89' lang='lat' dir='ltr'><strong>latentem</strong></span> 
     </span>
     <span class='ocr_line' id='line_1_21' title="bbox 122 2000 1010 2080; baseline 0.001 -18"><span class='ocrx_word' id='word_1_131' title='bbox 122 2000 308 2062; x_wconf 80' lang='lat' dir='ltr'><strong>conformare</strong></span> <span class='ocrx_word' id='word_1_132' title='bbox 330 2000 428 2061; x_wconf 90' lang='lat' dir='ltr'><strong>locum</strong></span> <span class='ocrx_word' id='word_1_133' title='bbox 449 2002 527 2080; x_wconf 85' lang='lat' dir='ltr'><strong>capit</strong></span> <span class='ocrx_word' id='word_1_134' title='bbox 553 2003 689 2080; x_wconf 83' lang='lat' dir='ltr'><strong>impiger.</strong></span> <span class='ocrx_word' id='word_1_135' title='bbox 702 2002 781 2062; x_wconf 93' lang='lat' dir='ltr'><strong>hunc</strong></span> <span class='ocrx_word' id='word_1_136' title='bbox 803 2010 833 2062; x_wconf 90' lang='lat' dir='ltr'><strong>et</strong></span> <span class='ocrx_word' id='word_1_137' title='bbox 852 2005 884 2063; x_wconf 90' lang='lat' dir='ltr'><strong>in</strong></span> <span class='ocrx_word' id='word_1_138' title='bbox 906 2002 1010 2063; x_wconf 89' lang='lat' dir='ltr'><strong>orbem</strong></span> 
     </span>
     <span class='ocr_line' id='line_1_22' title="bbox 123 2082 882 2161; baseline 0.003 -18"><span class='ocrx_word' id='word_1_139' title='bbox 123 2083 250 2143; x_wconf 90' lang='lat' dir='ltr'><strong>destinat</strong></span> <span class='ocrx_word' id='word_1_140' title='bbox 271 2100 305 2143; x_wconf 92' lang='lat' dir='ltr'><strong>ac</strong></span> <span class='ocrx_word' id='word_1_141' title='bbox 327 2083 400 2143; x_wconf 89' lang='lat' dir='ltr'><strong>ierri</strong></span> <span class='ocrx_word' id='word_1_142' title='bbox 421 2082 558 2161; x_wconf 91' lang='lat' dir='ltr'><strong>capulum</strong></span> <span class='ocrx_word' id='word_1_143' title='bbox 579 2085 715 2161; x_wconf 84' lang='lat' dir='ltr'><strong>repetivit</strong></span> <span class='ocrx_word' id='word_1_144' title='bbox 734 2086 766 2144; x_wconf 90' lang='lat' dir='ltr'><strong>in</strong></span> <span class='ocrx_word' id='word_1_145' title='bbox 787 2103 882 2156; x_wconf 89' lang='lat' dir='ltr'><strong>usum,</strong></span> 
     </span>
     <span class='ocr_line' id='line_1_23' title="bbox 123 2164 1001 2246; baseline -0.001 -20"><span class='ocrx_word' id='word_1_146' title='bbox 123 2167 305 2246; x_wconf 82' lang='lat' dir='ltr'><strong>gramineam</strong></span> <span class='ocrx_word' id='word_1_147' title='bbox 326 2173 360 2226; x_wconf 91' lang='lat' dir='ltr'><strong>ut</strong></span> <span class='ocrx_word' id='word_1_148' title='bbox 380 2165 467 2225; x_wconf 84' lang='lat' dir='ltr'><strong>viridi</strong></span> <span class='ocrx_word' id='word_1_149' title='bbox 488 2165 603 2225; x_wconf 81' lang='lat' dir='ltr'><strong>foderet</strong></span> <span class='ocrx_word' id='word_1_150' title='bbox 624 2164 660 2225; x_wconf 94' lang='lat' dir='ltr'><strong>de</strong></span> <span class='ocrx_word' id='word_1_151' title='bbox 683 2167 813 2244; x_wconf 89' lang='lat' dir='ltr'><strong>caespite</strong></span> <span class='ocrx_word' id='word_1_152' title='bbox 835 2172 960 2226; x_wconf 90' lang='lat' dir='ltr'><strong>terram:</strong></span> <span class='ocrx_word' id='word_1_153' title='bbox 997 2226 1001 2233; x_wconf 83' lang='grc'>,</span> 
     </span>
     <span class='ocr_line' id='line_1_24' title="bbox 122 2248 1127 2326; baseline 0.007 -16"><span class='ocrx_word' id='word_1_154' title='bbox 122 2252 181 2310; x_wconf 92' lang='lat' dir='ltr'><strong>iam</strong></span> <span class='ocrx_word' id='word_1_155' title='bbox 203 2267 317 2310; x_wconf 91' lang='lat' dir='ltr'><strong>memor</strong></span> <span class='ocrx_word' id='word_1_156' title='bbox 338 2250 488 2326; x_wconf 90' lang='lat' dir='ltr'><strong>inceptum</strong></span> <span class='ocrx_word' id='word_1_157' title='bbox 510 2265 656 2326; x_wconf 81' lang='lat' dir='ltr'><strong>peragens</strong></span> <span class='ocrx_word' id='word_1_158' title='bbox 677 2248 734 2309; x_wconf 91' lang='lat' dir='ltr'><strong>sibi</strong></span> <span class='ocrx_word' id='word_1_159' title='bbox 755 2267 825 2311; x_wconf 88' lang='lat' dir='ltr'><strong>cura</strong></span> <span class='ocrx_word' id='word_1_160' title='bbox 846 2249 978 2311; x_wconf 89' lang='lat' dir='ltr'><strong>laborem</strong></span> <span class='ocrx_word' id='word_1_161' title='bbox 1122 2308 1127 2317; x_wconf 88' lang='lat'><strong>.</strong></span> 
     </span>
     <span class='ocr_line' id='line_1_25' title="bbox 122 2331 1129 2411; baseline 0.001 -18"><span class='ocrx_word' id='word_1_162' title='bbox 122 2340 294 2411; x_wconf 89' lang='lat' dir='ltr'><strong>congestum</strong></span> <span class='ocrx_word' id='word_1_163' title='bbox 317 2331 473 2393; x_wconf 88' lang='lat' dir='ltr'><strong>cumulavit</strong></span> <span class='ocrx_word' id='word_1_164' title='bbox 494 2348 582 2409; x_wconf 85' lang='lat' dir='ltr'><strong>opus,</strong></span> <span class='ocrx_word' id='word_1_165' title='bbox 604 2339 691 2410; x_wconf 85' lang='lat' dir='ltr'><strong>atque</strong></span> <span class='ocrx_word' id='word_1_166' title='bbox 714 2349 820 2410; x_wconf 81' lang='lat' dir='ltr'><strong>aggere</strong></span> <span class='ocrx_word' id='word_1_167' title='bbox 842 2333 933 2395; x_wconf 88' lang='lat' dir='ltr'><strong>multo</strong></span> <span class='ocrx_word' id='word_1_168' title='bbox 1079 2341 1129 2395; x_wconf 77' lang='lat'><strong>395</strong></span> 
     </span>
     <span class='ocr_line' id='line_1_26' title="bbox 122 2414 863 2478; baseline 0.003 -2"><span class='ocrx_word' id='word_1_169' title='bbox 122 2414 235 2476; x_wconf 89' lang='lat' dir='ltr'><strong>telluris</strong></span> <span class='ocrx_word' id='word_1_170' title='bbox 258 2414 385 2477; x_wconf 91' lang='lat' dir='ltr'><strong>tumulus</strong></span> <span class='ocrx_word' id='word_1_171' title='bbox 406 2415 564 2476; x_wconf 86' lang='lat' dir='ltr'><strong>formatum</strong></span> <span class='ocrx_word' id='word_1_172' title='bbox 586 2417 678 2476; x_wconf 85' lang='lat' dir='ltr'><strong>crevit</strong></span> <span class='ocrx_word' id='word_1_173' title='bbox 697 2417 729 2476; x_wconf 90' lang='lat' dir='ltr'><strong>in</strong></span> <span class='ocrx_word' id='word_1_174' title='bbox 751 2416 863 2478; x_wconf 87' lang='lat' dir='ltr'><strong>orbem.</strong></span> 
     </span>
     <span class='ocr_line' id='line_1_27' title="bbox 122 2497 945 2580; baseline 0.002 -20"><span class='ocrx_word' id='word_1_175' title='bbox 122 2517 211 2580; x_wconf 90' lang='lat' dir='ltr'><strong>quem</strong></span> <span class='ocrx_word' id='word_1_176' title='bbox 233 2500 343 2561; x_wconf 89' lang='lat' dir='ltr'><strong>circum</strong></span> <span class='ocrx_word' id='word_1_177' title='bbox 357 2498 485 2578; x_wconf 86' lang='lat' dir='ltr'><strong>lapidem</strong></span> <span class='ocrx_word' id='word_1_178' title='bbox 507 2497 564 2560; x_wconf 86' lang='lat' dir='ltr'><strong>lori</strong></span> <span class='ocrx_word' id='word_1_179' title='bbox 586 2497 622 2559; x_wconf 89' lang='lat' dir='ltr'><strong>de</strong></span> <span class='ocrx_word' id='word_1_180' title='bbox 643 2517 792 2561; x_wconf 86' lang='lat' dir='ltr'><strong>marmore</strong></span> <span class='ocrx_word' id='word_1_181' title='bbox 814 2500 945 2562; x_wconf 90' lang='lat' dir='ltr'><strong>iormans</strong></span> 
     </span>
     <span class='ocr_line' id='line_1_28' title="bbox 122 2581 963 2653; baseline 0.001 -10"><span class='ocrx_word' id='word_1_182' title='bbox 122 2583 265 2653; x_wconf 88' lang='lat' dir='ltr'><strong>conserit,</strong></span> <span class='ocrx_word' id='word_1_183' title='bbox 288 2581 425 2643; x_wconf 90' lang='lat' dir='ltr'><strong>adsiduae</strong></span> <span class='ocrx_word' id='word_1_184' title='bbox 447 2599 535 2644; x_wconf 89' lang='lat' dir='ltr'><strong>curae</strong></span> <span class='ocrx_word' id='word_1_185' title='bbox 557 2600 680 2643; x_wconf 89' lang='lat' dir='ltr'><strong>memor.</strong></span> <span class='ocrx_word' id='word_1_186' title='bbox 703 2583 803 2644; x_wconf 81' lang='lat' dir='ltr'><strong>hic-et</strong></span> <span class='ocrx_word' id='word_1_187' title='bbox 824 2584 963 2645; x_wconf 88' lang='lat' dir='ltr'><strong>acanthos</strong></span> 
     </span>
     <span class='ocr_line' id='line_1_29' title="bbox 122 2665 889 2745; baseline 0.001 -18"><span class='ocrx_word' id='word_1_188' title='bbox 122 2673 151 2727; x_wconf 92' lang='lat' dir='ltr'><strong>et</strong></span> <span class='ocrx_word' id='word_1_189' title='bbox 173 2683 239 2726; x_wconf 90' lang='lat' dir='ltr'><strong>rosa</strong></span> <span class='ocrx_word' id='word_1_190' title='bbox 260 2683 410 2745; x_wconf 85' lang='lat' dir='ltr'><strong>purpureo</strong></span> <span class='ocrx_word' id='word_1_191' title='bbox 431 2683 568 2726; x_wconf 90' lang='lat' dir='ltr'><strong>crescens</strong></span> <span class='ocrx_word' id='word_1_192' title='bbox 588 2665 759 2745; x_wconf 91' lang='lat' dir='ltr'><strong>pudibunda</strong></span> <span class='ocrx_word' id='word_1_193' title='bbox 780 2667 889 2728; x_wconf 88' lang='lat' dir='ltr'><strong>rubore</strong></span> 
     </span>
     <span class='ocr_line' id='line_1_30' title="bbox 122 2747 1129 2829; baseline 0.001 -19"><span class='ocrx_word' id='word_1_194' title='bbox 122 2755 152 2811; x_wconf 88' lang='lat' dir='ltr'><strong>et</strong></span> <span class='ocrx_word' id='word_1_195' title='bbox 173 2747 265 2810; x_wconf 88' lang='lat' dir='ltr'><strong>violae</strong></span> <span class='ocrx_word' id='word_1_196' title='bbox 286 2766 374 2810; x_wconf 91' lang='lat' dir='ltr'><strong>omne</strong></span> <span class='ocrx_word' id='word_1_197' title='bbox 396 2767 501 2829; x_wconf 88' lang='lat' dir='ltr'><strong>genus,</strong></span> <span class='ocrx_word' id='word_1_198' title='bbox 525 2750 573 2811; x_wconf 92' lang='lat' dir='ltr'><strong>hic</strong></span> <span class='ocrx_word' id='word_1_199' title='bbox 595 2757 640 2811; x_wconf 91' lang='lat' dir='ltr'><strong>est</strong></span> <span class='ocrx_word' id='word_1_200' title='bbox 654 2757 684 2811; x_wconf 86' lang='lat' dir='ltr'><strong>et</strong></span> <span class='ocrx_word' id='word_1_201' title='bbox 704 2751 840 2812; x_wconf 88' lang='lat' dir='ltr'><strong>Parthica</strong></span> <span class='ocrx_word' id='word_1_202' title='bbox 862 2757 974 2829; x_wconf 79' lang='lat' dir='ltr'><strong>myrtus</strong></span> <span class='ocrx_word' id='word_1_203' title='bbox 1078 2759 1129 2811; x_wconf 76' lang='lat'><strong>400</strong></span> 
     </span>
     <span class='ocr_line' id='line_1_31' title="bbox 86 2831 974 2911; baseline 0.01 -25"><span class='ocrx_word' id='word_1_204' title='bbox 86 2881 90 2886; x_wconf 88' lang='lat'>.</span> <span class='ocrx_word' id='word_1_205' title='bbox 122 2840 210 2911; x_wconf 85' lang='lat' dir='ltr'><strong>atque</strong></span> <span class='ocrx_word' id='word_1_206' title='bbox 230 2833 405 2910; x_wconf 89' lang='lat' dir='ltr'><strong>hyacinthus</strong></span> <span class='ocrx_word' id='word_1_207' title='bbox 427 2841 457 2893; x_wconf 90' lang='lat' dir='ltr'><strong>et</strong></span> <span class='ocrx_word' id='word_1_208' title='bbox 477 2833 526 2893; x_wconf 92' lang='lat' dir='ltr'><strong>hic</strong></span> <span class='ocrx_word' id='word_1_209' title='bbox 548 2831 631 2894; x_wconf 83' lang='lat' dir='ltr'><strong>Cilici</strong></span> <span class='ocrx_word' id='word_1_210' title='bbox 653 2851 757 2894; x_wconf 87' lang='lat' dir='ltr'><strong>crocus</strong></span> <span class='ocrx_word' id='word_1_211' title='bbox 780 2835 875 2895; x_wconf 91' lang='lat' dir='ltr'><strong>editus</strong></span> <span class='ocrx_word' id='word_1_212' title='bbox 897 2851 974 2904; x_wconf 86' lang='lat' dir='ltr'><strong>arvo,</strong></span> 
     </span>
     <span class='ocr_line' id='line_1_32' title="bbox 121 2914 1023 2994; baseline 0 -19"><span class='ocrx_word' id='word_1_213' title='bbox 121 2915 223 2975; x_wconf 90' lang='lat' dir='ltr'><strong>laurus</strong></span> <span class='ocrx_word' id='word_1_214' title='bbox 243 2915 314 2974; x_wconf 91' lang='lat' dir='ltr'><strong>item</strong></span> <span class='ocrx_word' id='word_1_215' title='bbox 336 2914 448 2974; x_wconf 91' lang='lat' dir='ltr'><strong>Phoebi</strong></span> <span class='ocrx_word' id='word_1_216' title='bbox 469 2932 593 2992; x_wconf 90' lang='lat' dir='ltr'><strong>surgens</strong></span> <span class='ocrx_word' id='word_1_217' title='bbox 615 2915 718 2985; x_wconf 88' lang='lat' dir='ltr'><strong>decus,</strong></span> <span class='ocrx_word' id='word_1_218' title='bbox 742 2916 790 2976; x_wconf 93' lang='lat' dir='ltr'><strong>hic</strong></span> <span class='ocrx_word' id='word_1_219' title='bbox 811 2915 1023 2994; x_wconf 90' lang='lat' dir='ltr'><strong>rhododaphne</strong></span> 
     </span>
     <span class='ocr_line' id='line_1_33' title="bbox 122 2995 792 3075; baseline -0.003 -17"><span class='ocrx_word' id='word_1_220' title='bbox 122 2995 240 3075; x_wconf 90' lang='lat' dir='ltr'><strong>liliaque</strong></span> <span class='ocrx_word' id='word_1_221' title='bbox 262 3002 292 3055; x_wconf 89' lang='lat' dir='ltr'><strong>et</strong></span> <span class='ocrx_word' id='word_1_222' title='bbox 311 2997 389 3056; x_wconf 89' lang='lat' dir='ltr'><strong>roris</strong></span> <span class='ocrx_word' id='word_1_223' title='bbox 411 3013 470 3056; x_wconf 94' lang='lat' dir='ltr'><strong>non</strong></span> <span class='ocrx_word' id='word_1_224' title='bbox 492 2998 555 3056; x_wconf 91' lang='lat' dir='ltr'><strong>avia</strong></span> <span class='ocrx_word' id='word_1_225' title='bbox 578 2995 663 3057; x_wconf 87' lang='lat' dir='ltr'><strong>turba</strong></span> <span class='ocrx_word' id='word_1_226' title='bbox 684 2999 792 3058; x_wconf 88' lang='lat' dir='ltr'><strong>marini</strong></span> 
     </span>
     <span class='ocr_line' id='line_1_34' title="bbox 122 3078 858 3158; baseline -0.001 -17"><span class='ocrx_word' id='word_1_227' title='bbox 122 3078 273 3158; x_wconf 87' lang='lat' dir='ltr'><strong>herbaque</strong></span> <span class='ocrx_word' id='word_1_228' title='bbox 295 3079 368 3138; x_wconf 90' lang='lat' dir='ltr'><strong>turis</strong></span> <span class='ocrx_word' id='word_1_229' title='bbox 391 3097 462 3158; x_wconf 93' lang='lat' dir='ltr'><strong>opes</strong></span> <span class='ocrx_word' id='word_1_230' title='bbox 483 3079 588 3158; x_wconf 90' lang='lat' dir='ltr'><strong>priscis</strong></span> <span class='ocrx_word' id='word_1_231' title='bbox 608 3080 720 3140; x_wconf 91' lang='lat' dir='ltr'><strong>imitata</strong></span> <span class='ocrx_word' id='word_1_232' title='bbox 742 3079 858 3140; x_wconf 89' lang='lat' dir='ltr'><strong>Sabinis</strong></span> 
     </span>
     <span class='ocr_line' id='line_1_35' title="bbox 123 3161 1127 3243; baseline 0.003 -21"><span class='ocrx_word' id='word_1_233' title='bbox 123 3162 372 3242; x_wconf 88' lang='lat' dir='ltr'><strong>chrysanthesque</strong></span> <span class='ocrx_word' id='word_1_234' title='bbox 393 3162 579 3242; x_wconf 86' lang='lat' dir='ltr'><strong>hederaeque</strong></span> <span class='ocrx_word' id='word_1_235' title='bbox 600 3163 678 3222; x_wconf 89' lang='lat' dir='ltr'><strong>nitor</strong></span> <span class='ocrx_word' id='word_1_236' title='bbox 699 3161 826 3243; x_wconf 90' lang='lat' dir='ltr'><strong>pallente</strong></span> <span class='ocrx_word' id='word_1_237' title='bbox 848 3163 988 3243; x_wconf 81' lang='lat' dir='ltr'><strong>corymbo</strong></span> <span class='ocrx_word' id='word_1_238' title='bbox 1078 3171 1127 3224; x_wconf 77' lang='lat' dir='ltr'><strong>tot</strong></span> 
     </span>
     <span class='ocr_line' id='line_1_36' title="bbox 123 3244 963 3325; baseline 0.001 -18"><span class='ocrx_word' id='word_1_239' title='bbox 123 3253 154 3307; x_wconf 87' lang='lat' dir='ltr'><strong>et</strong></span> <span class='ocrx_word' id='word_1_240' title='bbox 174 3244 303 3306; x_wconf 90' lang='lat' dir='ltr'><strong>bocchus</strong></span> <span class='ocrx_word' id='word_1_241' title='bbox 324 3244 432 3325; x_wconf 77' lang='lat' dir='ltr'><strong>Libyae</strong></span> <span class='ocrx_word' id='word_1_242' title='bbox 453 3246 533 3324; x_wconf 90' lang='lat' dir='ltr'><strong>regis</strong></span> <span class='ocrx_word' id='word_1_243' title='bbox 554 3263 682 3315; x_wconf 89' lang='lat' dir='ltr'><strong>memor;</strong></span> <span class='ocrx_word' id='word_1_244' title='bbox 705 3246 753 3307; x_wconf 91' lang='lat' dir='ltr'><strong>hic</strong></span> <span class='ocrx_word' id='word_1_245' title='bbox 775 3247 963 3309; x_wconf 86' lang='lat' dir='ltr'><strong>amaranthus</strong></span> 
     </span>
     <span class='ocr_line' id='line_1_37' title="bbox 122 3329 878 3408; baseline 0.003 -18"><span class='ocrx_word' id='word_1_246' title='bbox 122 3329 332 3407; x_wconf 85' lang='lat' dir='ltr'><strong>bumastusque</strong></span> <span class='ocrx_word' id='word_1_247' title='bbox 353 3330 450 3389; x_wconf 82' lang='lat' dir='ltr'><strong>vinem</strong></span> <span class='ocrx_word' id='word_1_248' title='bbox 472 3336 502 3389; x_wconf 90' lang='lat' dir='ltr'><strong>et</strong></span> <span class='ocrx_word' id='word_1_249' title='bbox 522 3346 640 3408; x_wconf 88' lang='lat' dir='ltr'><strong>semper</strong></span> <span class='ocrx_word' id='word_1_250' title='bbox 659 3329 763 3391; x_wconf 90' lang='lat' dir='ltr'><strong>ilorida</strong></span> <span class='ocrx_word' id='word_1_251' title='bbox 784 3332 878 3406; x_wconf 67' lang='lat' dir='ltr'><strong>tinnsy</strong></span> 
     </span>
     <span class='ocr_line' id='line_1_38' title="bbox 122 3410 890 3491; baseline 0.003 -17"><span class='ocrx_word' id='word_1_252' title='bbox 122 3430 183 3474; x_wconf 92' lang='lat' dir='ltr'><strong>non</strong></span> <span class='ocrx_word' id='word_1_253' title='bbox 204 3410 286 3472; x_wconf 91' lang='lat' dir='ltr'><strong>illinc</strong></span> <span class='ocrx_word' id='word_1_254' title='bbox 307 3414 455 3472; x_wconf 88' lang='lat' dir='ltr'><strong>narcissus</strong></span> <span class='ocrx_word' id='word_1_255' title='bbox 476 3411 572 3484; x_wconf 88' lang='lat' dir='ltr'><strong>abest,</strong></span> <span class='ocrx_word' id='word_1_256' title='bbox 595 3415 641 3473; x_wconf 89' lang='lat' dir='ltr'><strong>cui</strong></span> <span class='ocrx_word' id='word_1_257' title='bbox 664 3411 758 3491; x_wconf 91' lang='lat' dir='ltr'><strong>gloria</strong></span> <span class='ocrx_word' id='word_1_258' title='bbox 778 3414 890 3476; x_wconf 83' lang='lat' dir='ltr'><strong>formae</strong></span> 
     </span>
    </p>
   </div>
   <div class='ocr_carea' id='block_1_3' title="bbox 122 3494 833 3576">
    <p class='ocr_par' dir='ltr' id='par_1_4' title="bbox 122 3494 833 3576">
     <span class='ocr_line' id='line_1_39' title="bbox 122 3494 833 3576; baseline 0.001 -18"><span class='ocrx_word' id='word_1_259' title='bbox 122 3500 192 3575; x_wconf 91' lang='lat' dir='ltr'><strong>igne</strong></span> <span class='ocrx_word' id='word_1_260' title='bbox 215 3494 375 3574; x_wconf 87' lang='lat' dir='ltr'><strong>Cupidineo</strong></span> <span class='ocrx_word' id='word_1_261' title='bbox 397 3495 534 3576; x_wconf 85' lang='lat' dir='ltr'><strong>proprios</strong></span> <span class='ocrx_word' id='word_1_262' title='bbox 556 3497 664 3557; x_wconf 83' lang='lat' dir='ltr'><strong>exarsit</strong></span> <span class='ocrx_word' id='word_1_263' title='bbox 684 3497 715 3560; x_wconf 90' lang='lat' dir='ltr'><strong>iu</strong></span> <span class='ocrx_word' id='word_1_264' title='bbox 737 3505 833 3568; x_wconf 87' lang='lat' dir='ltr'><strong>artus;</strong></span> 
     </span>
    </p>
   </div>
   <div class='ocr_carea' id='block_1_4' title="bbox 0 0 1261 4096">
    <p class='ocr_par' dir='ltr' id='par_1_5' title="bbox 0 0 1261 4096">
     <span class='ocr_line' id='line_1_40' title="bbox 0 0 1261 4096; baseline 0 0"><span class='ocrx_word' id='word_1_265' title='bbox 0 0 1261 4096; x_wconf 95' lang='lat' dir='ltr'><strong> </strong></span> 
     </span>
    </p>
   </div>
  </div>
 </body>
</html>
