2512 4096
463 295 747 345 wesmannus
763 297 801 344 XI

127 449 211 512 relati
231 451 321 510 ramis
344 461 424 514 oleae
444 453 618 532 veniamque
637 461 792 531 rogantes:

124 551 259 612 corpora,
280 552 336 614 per
357 553 475 613 campos
496 535 577 598 ierro
594 553 671 614 quae
691 535 756 596 lusa
776 534 920 605 iacebant,

124 617 263 679 redderet
283 636 318 679 ac
337 619 450 681 tumulo
472 621 583 682 sineret
602 619 763 681 succedere
782 626 895 686 terrae;

124 700 237 763 nullum
259 720 326 763 cum
346 704 428 765 victis
447 713 596 765 certamen
615 712 646 765 et
666 703 785 764 aethere
807 703 909 771 cassis;

123 790 259 865 parceret
279 786 444 866 hospitibus
466 788 615 866 quondam
637 787 806 865 socerisque
825 787 943 846 vocatis.

124 886 198 948 quos
216 868 313 932 bonus
333 873 445 933 Aeneas
465 869 537 932 haut
558 871 742 949 aspernanda
762 870 909 949 precantis

124 954 313 1032 prosequitur
333 956 417 1016 venia
438 961 468 1016 et
486 955 584 1016 verbis
605 955 679 1015 baec
695 956 818 1033 insuper
839 953 933 1014 addit:

126 1044 286 1114 ‘quaenam
305 1056 357 1098 vos
376 1046 457 1100 tanto
479 1039 597 1099 fortuna
617 1037 748 1116 indigua,
765 1037 867 1107 Latini,

124 1118 256 1198 inplicuit
274 1119 363 1192 bello,
385 1122 436 1200 qul
457 1139 511 1182 nos
532 1121 648 1200 fugiatis
669 1121 800 1182 amicost

123 1220 228 1281 pacem
250 1221 297 1265 me
318 1206 458 1266 exanimis
479 1213 508 1266 et
528 1206 629 1266 blartls
649 1211 729 1266 sorte
749 1208 910 1283 peremptis

125 1286 233 1346 oratisl
255 1288 390 1367 equidem
412 1295 441 1349 et
461 1289 531 1348 rivis
553 1288 717 1350 concedere
738 1287 853 1349 vellem.

126 1387 179 1432 aec
199 1373 274 1440 reni,
297 1371 354 1431 nisi
373 1373 433 1433 lata
454 1371 552 1432 locum
573 1371 733 1449 sedemque
754 1370 911 1439 dedissent,

124 1470 179 1514 nec
200 1451 310 1515 bellum
333 1473 400 1515 cum
421 1463 508 1531 gente
531 1471 619 1532 gero:
640 1472 694 1515 rex
714 1461 815 1515 nostra
835 1453 953 1533 reliquit

125 1536 248 1614 hospitia
268 1544 297 1597 et
319 1537 412 1599 Turni
432 1539 530 1616 potius
552 1555 585 1599 se
608 1537 731 1599 credidit
751 1538 850 1598 armis.

125 1620 245 1697 aequius
267 1619 337 1680 buic
358 1619 491 1683 Turnum
511 1621 607 1682 luerat
626 1638 659 1682 se
678 1639 829 1701 opponere
847 1623 944 1682 morti.

125 1704 150 1763 si
171 1701 282 1763 bellum
303 1704 388 1765 linire
410 1722 508 1774 manu,
530 1706 555 1765 si
575 1703 686 1783 pellere
707 1704 840 1767 Teucros

124 1794 255 1866 apparat,
276 1787 322 1848 bis
343 1805 461 1849 mecum
481 1788 578 1848 decuit
598 1786 778 1849 concurrere
798 1787 880 1850 telis:

123 1871 210 1941 uret,
231 1871 279 1931 cui
299 1871 387 1932 utam
410 1872 483 1933 deus
504 1879 554 1933 aut
574 1889 627 1932 sua
647 1872 750 1932 dextra
772 1871 909 1932 dedisset.

123 1970 202 2014 nunc
222 1955 262 2014 ite
284 1963 314 2015 et
333 1956 450 2015 miseris
469 1955 625 2032 supponite
645 1953 757 2015 civibus
779 1954 897 2031 ignem!

124 2035 238 2096 dixerat
258 2038 381 2098 Aeneas.
407 2037 449 2096 illi
468 2036 638 2114 obstipuere
659 2035 778 2097 silentes

125 2120 317 2196 conversique
339 2119 441 2180 oculos
462 2121 539 2180 luter
559 2136 591 2178 se
611 2129 699 2197 atque
718 2136 770 2179 ora
791 2117 939 2180 tenebant.

125 2211 188 2263 tum
209 2204 309 2262 senior
329 2219 506 2280 semperque
527 2202 600 2262 odiis
620 2211 650 2262 et
669 2201 793 2264 crimine
814 2202 945 2263 Drances

126 2284 259 2346 infensus
282 2286 380 2348 iuveni
399 2284 501 2346 Turno
523 2286 566 2345 slc
587 2301 640 2346 ore
662 2285 789 2346 vicissim

125 2385 192 2429 orsa
213 2369 319 2430 relert:
342 2378 376 2428 ‘o
398 2369 474 2429 lama
495 2369 609 2445 urgens,
630 2368 777 2446 lugentior
799 2371 890 2431 armis

126 2453 168 2512 vir
189 2450 323 2524 Troiane,
345 2451 452 2531 quibus
475 2450 556 2513 caelo
578 2458 607 2513 te
627 2450 763 2513 laudibus
784 2453 925 2532 aequem?

124 2536 289 2597 lustitiaene
310 2537 393 2614 prius
413 2537 505 2596 mirer
526 2533 634 2596 belline
654 2534 809 2596 buerunt

124 2635 179 2678 nos
200 2636 270 2680 vero
289 2619 364 2681 baec
383 2621 508 2698 patriam
530 2620 605 2698 grati
625 2620 789 2681 referemus
807 2621 843 2682 ad
864 2617 970 2680 urbem

124 2709 154 2764 et
171 2711 210 2772 te,
233 2703 317 2781 siqua
335 2704 410 2764 viam
432 2703 545 2764 dederit
567 2703 693 2774 iortuna,
716 2703 820 2765 Latino

123 2788 279 2862 iungemus
300 2788 380 2864 regi:
401 2795 522 2866 quaerat
542 2786 599 2847 sibl
619 2786 739 2848 foedera
759 2787 898 2850 ruram

124 2871 194 2947 quin
213 2877 242 2929 et
263 2868 358 2929 letalis
377 2887 531 2930 murorum
552 2869 685 2931 attollere
706 2868 799 2931 moles

125 2968 254 3028 saxaque
275 2950 447 3011 subvectare
467 2952 578 3012 umeris
596 2952 724 3012 Troiana
743 2953 870 3012 iuvabit?

125 3033 238 3095 dixerat
258 3032 341 3104 haec,
364 3051 484 3111 unoque
505 3051 608 3094 omnes
628 3034 732 3094 cadem
750 3053 803 3096 ore
824 3033 999 3096 tremebant

125 3115 277 3178 bissenos
297 3118 436 3195 pepigere
458 3117 521 3178 dies
542 3127 571 3177 et
590 3133 664 3194 pace
685 3125 835 3195 sequestra

124 3218 180 3280 per
197 3200 282 3261 silvas
301 3201 409 3263 Teucri
430 3201 571 3279 mixtique
595 3201 705 3279 inpune
725 3199 820 3262 Latini

126 3301 263 3345 erravere
283 3285 368 3364 iugis.
402 3284 484 3346 lerro
506 3291 591 3345 sonat
611 3283 669 3345 alta
688 3283 808 3361 bipenni

126 3366 266 3436 fraxinus,
287 3376 421 3428 evertunt
441 3375 520 3430 actas
540 3367 578 3429 ad
599 3369 697 3430 sidera
716 3369 814 3446 pinus,

125 3448 236 3510 robora
254 3467 309 3510 neo
330 3452 431 3511 cuneis
453 3459 482 3512 et
499 3449 628 3512 olentem
648 3450 785 3513 scindere
807 3451 928 3512 cedrum

125 3550 182 3594 nec
203 3532 342 3611 plaustris
363 3541 480 3594 cessam
500 3541 617 3594 vectare
636 3533 831 3612 gementibus*
843 3551 941 3594 ornos.
