<?xml version="1.0" encoding="UTF-8"?>
<!DOCTYPE html PUBLIC "-//W3C//DTD XHTML 1.0 Transitional//EN"
    "http://www.w3.org/TR/xhtml1/DTD/xhtml1-transitional.dtd">
<html xmlns="http://www.w3.org/1999/xhtml" xml:lang="en" lang="en">
 <head>
  <title>
</title>
<meta http-equiv="Content-Type" content="text/html;charset=utf-8" />
  <meta name='ocr-system' content='tesseract 3.04.00' />
  <meta name='ocr-capabilities' content='ocr_page ocr_carea ocr_par ocr_line ocrx_word'/>
</head>
<body>
  <div class='ocr_page' id='page_1' title='image "./pvergilimaronis12virggoog/pvergilimaronis12virggoog_0227.png"; bbox 0 0 2512 4096; ppageno 0'>
   <div class='ocr_carea' id='block_1_1' title="bbox 181 233 860 296">
    <p class='ocr_par' dir='ltr' id='par_1_1' title="bbox 181 233 860 296">
     <span class='ocr_line' id='line_1_1' title="bbox 181 233 860 296; baseline -0.018 0"><span class='ocrx_word' id='word_1_1' title='bbox 181 233 241 296; x_wconf 80' lang='grc'><strong>196</strong></span> <span class='ocrx_word' id='word_1_2' title='bbox 512 240 656 288; x_wconf 79' lang='lat' dir='ltr'><strong>vnnornr</strong></span> <span class='ocrx_word' id='word_1_3' title='bbox 676 237 801 286; x_wconf 77' lang='lat' dir='ltr'><strong>annius</strong></span> <span class='ocrx_word' id='word_1_4' title='bbox 823 237 860 285; x_wconf 87' lang='lat' dir='ltr'><strong>v1</strong></span> 
     </span>
    </p>
   </div>
   <div class='ocr_carea' id='block_1_2' title="bbox 154 391 1202 3564">
    <p class='ocr_par' dir='ltr' id='par_1_2' title="bbox 154 391 1202 3564">
     <span class='ocr_line' id='line_1_2' title="bbox 177 391 988 481; baseline -0.014 -20"><span class='ocrx_word' id='word_1_5' title='bbox 177 399 245 481; x_wconf 88' lang='lat' dir='ltr'><strong>(boe</strong></span> <span class='ocrx_word' id='word_1_6' title='bbox 261 398 317 460; x_wconf 91' lang='lat' dir='ltr'><strong>sibi</strong></span> <span class='ocrx_word' id='word_1_7' title='bbox 337 397 461 477; x_wconf 86' lang='lat' dir='ltr'><strong>pulchra</strong></span> <span class='ocrx_word' id='word_1_8' title='bbox 485 413 572 458; x_wconf 89' lang='lat' dir='ltr'><strong>suum</strong></span> <span class='ocrx_word' id='word_1_9' title='bbox 593 395 666 456; x_wconf 79' lang='lat' dir='ltr'><strong>ferri</strong></span> <span class='ocrx_word' id='word_1_10' title='bbox 683 391 859 469; x_wconf 80' lang='lat' dir='ltr'><strong>Proserpina</strong></span> <span class='ocrx_word' id='word_1_11' title='bbox 880 407 988 451; x_wconf 85' lang='lat' dir='ltr'><strong>munus</strong></span> 
     </span>
     <span class='ocr_line' id='line_1_3' title="bbox 176 474 842 560; baseline -0.014 -17"><span class='ocrx_word' id='word_1_12' title='bbox 176 483 313 544; x_wconf 72' lang='lat' dir='ltr'><strong>instituit:</strong></span> <span class='ocrx_word' id='word_1_13' title='bbox 334 482 431 560; x_wconf 86' lang='lat' dir='ltr'><strong>primo</strong></span> <span class='ocrx_word' id='word_1_14' title='bbox 452 480 550 542; x_wconf 87' lang='lat' dir='ltr'><strong>avolso</strong></span> <span class='ocrx_word' id='word_1_15' title='bbox 572 495 632 540; x_wconf 93' lang='lat' dir='ltr'><strong>non</strong></span> <span class='ocrx_word' id='word_1_16' title='bbox 651 477 749 538; x_wconf 86' lang='lat' dir='ltr'><strong>deficit</strong></span> <span class='ocrx_word' id='word_1_17' title='bbox 768 474 842 536; x_wconf 80' lang='lat' dir='ltr'><strong>alter</strong></span> 
     </span>
     <span class='ocr_line' id='line_1_4' title="bbox 177 557 900 638; baseline -0.015 -11"><span class='ocrx_word' id='word_1_18' title='bbox 177 583 299 636; x_wconf 83' lang='lat' dir='ltr'><strong>aureus,</strong></span> <span class='ocrx_word' id='word_1_19' title='bbox 324 573 354 626; x_wconf 90' lang='lat' dir='ltr'><strong>et</strong></span> <span class='ocrx_word' id='word_1_20' title='bbox 374 564 460 625; x_wconf 84' lang='lat' dir='ltr'><strong>simili</strong></span> <span class='ocrx_word' id='word_1_21' title='bbox 479 563 638 626; x_wconf 74' lang='lat' dir='ltr'><strong>frondescit</strong></span> <span class='ocrx_word' id='word_1_22' title='bbox 658 563 740 638; x_wconf 75' lang='lat' dir='ltr'><strong>virga</strong></span> <span class='ocrx_word' id='word_1_23' title='bbox 761 557 900 634; x_wconf 86' lang='lat' dir='ltr'><strong>metallo.)</strong></span> 
     </span>
     <span class='ocr_line' id='line_1_5' title="bbox 177 645 1199 727; baseline -0.015 -16"><span class='ocrx_word' id='word_1_24' title='bbox 177 666 250 727; x_wconf 76' lang='lat' dir='ltr'><strong>ergo</strong></span> <span class='ocrx_word' id='word_1_25' title='bbox 271 648 329 710; x_wconf 91' lang='lat' dir='ltr'><strong>alte</strong></span> <span class='ocrx_word' id='word_1_26' title='bbox 349 649 458 727; x_wconf 80' lang='lat' dir='ltr'><strong>vestiga</strong></span> <span class='ocrx_word' id='word_1_27' title='bbox 478 647 570 709; x_wconf 89' lang='lat' dir='ltr'><strong>oeulis</strong></span> <span class='ocrx_word' id='word_1_28' title='bbox 591 645 693 707; x_wconf 89' lang='lat' dir='ltr'><strong>etrite</strong></span> <span class='ocrx_word' id='word_1_29' title='bbox 715 651 866 721; x_wconf 86' lang='lat' dir='ltr'><strong>repertum</strong></span> <span class='ocrx_word' id='word_1_30' title='bbox 1147 654 1199 708; x_wconf 75' lang='lat' dir='ltr'><strong>itt</strong></span> 
     </span>
     <span class='ocr_line' id='line_1_6' title="bbox 178 724 1109 811; baseline -0.011 -17"><span class='ocrx_word' id='word_1_31' title='bbox 178 751 267 811; x_wconf 83' lang='lat' dir='ltr'><strong>oarpe</strong></span> <span class='ocrx_word' id='word_1_32' title='bbox 287 749 386 794; x_wconf 89' lang='lat' dir='ltr'><strong>mann.</strong></span> <span class='ocrx_word' id='word_1_33' title='bbox 430 749 557 810; x_wconf 83' lang='lat' dir='ltr'><strong>namque</strong></span> <span class='ocrx_word' id='word_1_34' title='bbox 577 731 640 808; x_wconf 91' lang='lat' dir='ltr'><strong>ipse</strong></span> <span class='ocrx_word' id='word_1_35' title='bbox 659 727 760 788; x_wconf 90' lang='lat' dir='ltr'><strong>volens</strong></span> <span class='ocrx_word' id='word_1_36' title='bbox 781 724 932 804; x_wconf 79' lang='lat' dir='ltr'><strong>facilisque</strong></span> <span class='ocrx_word' id='word_1_37' title='bbox 952 733 1109 804; x_wconf 85' lang='lat' dir='ltr'><strong>sequetur,</strong></span> 
     </span>
     <span class='ocr_line' id='line_1_7' title="bbox 178 808 868 877; baseline -0.013 -1"><span class='ocrx_word' id='word_1_38' title='bbox 178 817 203 877; x_wconf 90' lang='lat' dir='ltr'><strong>si</strong></span> <span class='ocrx_word' id='word_1_39' title='bbox 220 823 250 876; x_wconf 90' lang='lat' dir='ltr'><strong>te</strong></span> <span class='ocrx_word' id='word_1_40' title='bbox 271 816 330 877; x_wconf 85' lang='lat' dir='ltr'><strong>lata</strong></span> <span class='ocrx_word' id='word_1_41' title='bbox 350 823 470 877; x_wconf 82' lang='lat' dir='ltr'><strong>vocant:</strong></span> <span class='ocrx_word' id='word_1_42' title='bbox 489 815 573 875; x_wconf 88' lang='lat' dir='ltr'><strong>aliter</strong></span> <span class='ocrx_word' id='word_1_43' title='bbox 592 830 652 873; x_wconf 94' lang='lat' dir='ltr'><strong>non</strong></span> <span class='ocrx_word' id='word_1_44' title='bbox 669 811 780 872; x_wconf 87' lang='lat' dir='ltr'><strong>viribus</strong></span> <span class='ocrx_word' id='word_1_45' title='bbox 801 808 868 868; x_wconf 92' lang='lat' dir='ltr'><strong>ullis</strong></span> 
     </span>
     <span class='ocr_line' id='line_1_8' title="bbox 176 893 883 977; baseline -0.013 -17"><span class='ocrx_word' id='word_1_46' title='bbox 176 901 295 961; x_wconf 76' lang='lat' dir='ltr'><strong>sineere</strong></span> <span class='ocrx_word' id='word_1_47' title='bbox 314 917 370 961; x_wconf 88' lang='lat' dir='ltr'><strong>neo</strong></span> <span class='ocrx_word' id='word_1_48' title='bbox 388 899 462 960; x_wconf 86' lang='lat' dir='ltr'><strong>duro</strong></span> <span class='ocrx_word' id='word_1_49' title='bbox 477 900 589 977; x_wconf 90' lang='lat' dir='ltr'><strong>poteris</strong></span> <span class='ocrx_word' id='word_1_50' title='bbox 609 893 773 956; x_wconf 87' lang='lat' dir='ltr'><strong>eonvellere</strong></span> <span class='ocrx_word' id='word_1_51' title='bbox 794 893 883 952; x_wconf 86' lang='lat' dir='ltr'><strong>lerro.</strong></span> 
     </span>
     <span class='ocr_line' id='line_1_9' title="bbox 177 977 923 1061; baseline -0.011 -18"><span class='ocrx_word' id='word_1_52' title='bbox 177 991 331 1061; x_wconf 78' lang='lat' dir='ltr'><strong>praeterea</strong></span> <span class='ocrx_word' id='word_1_53' title='bbox 348 984 424 1043; x_wconf 87' lang='lat' dir='ltr'><strong>iaoet</strong></span> <span class='ocrx_word' id='word_1_54' title='bbox 448 985 615 1043; x_wconf 86' lang='lat' dir='ltr'><strong>exanimum</strong></span> <span class='ocrx_word' id='word_1_55' title='bbox 634 979 687 1039; x_wconf 94' lang='lat' dir='ltr'><strong>tibi</strong></span> <span class='ocrx_word' id='word_1_56' title='bbox 707 994 816 1055; x_wconf 84' lang='lat' dir='ltr'><strong>eorpus</strong></span> <span class='ocrx_word' id='word_1_57' title='bbox 838 977 923 1037; x_wconf 86' lang='lat' dir='ltr'><strong>arnioi</strong></span> 
     </span>
     <span class='ocr_line' id='line_1_10' title="bbox 179 1060 1200 1147; baseline -0.012 -20"><span class='ocrx_word' id='word_1_58' title='bbox 179 1067 247 1147; x_wconf 83' lang='lat' dir='ltr'><strong>(heu</strong></span> <span class='ocrx_word' id='word_1_59' title='bbox 268 1066 373 1145; x_wconf 82' lang='lat' dir='ltr'><strong>neseis)</strong></span> <span class='ocrx_word' id='word_1_60' title='bbox 393 1071 545 1144; x_wconf 82' lang='lat' dir='ltr'><strong>totamque</strong></span> <span class='ocrx_word' id='word_1_61' title='bbox 565 1066 689 1124; x_wconf 87' lang='lat' dir='ltr'><strong>incestat</strong></span> <span class='ocrx_word' id='word_1_62' title='bbox 710 1063 814 1122; x_wconf 81' lang='lat' dir='ltr'><strong>funere</strong></span> <span class='ocrx_word' id='word_1_63' title='bbox 837 1060 975 1128; x_wconf 81' lang='lat' dir='ltr'><strong>classem,</strong></span> <span class='ocrx_word' id='word_1_64' title='bbox 1147 1070 1200 1123; x_wconf 71' lang='grc' dir='ltr'><strong>ιω</strong></span> 
     </span>
     <span class='ocr_line' id='line_1_11' title="bbox 178 1143 994 1228; baseline -0.013 -16"><span class='ocrx_word' id='word_1_65' title='bbox 178 1149 248 1211; x_wconf 91' lang='lat' dir='ltr'><strong>dum</strong></span> <span class='ocrx_word' id='word_1_66' title='bbox 271 1148 403 1211; x_wconf 85' lang='lat' dir='ltr'><strong>consulta</strong></span> <span class='ocrx_word' id='word_1_67' title='bbox 425 1151 502 1228; x_wconf 88' lang='lat' dir='ltr'><strong>petis</strong></span> <span class='ocrx_word' id='word_1_68' title='bbox 522 1155 684 1226; x_wconf 87' lang='lat' dir='ltr'><strong>nostroque</strong></span> <span class='ocrx_word' id='word_1_69' title='bbox 704 1148 734 1206; x_wconf 94' lang='lat' dir='ltr'><strong>in</strong></span> <span class='ocrx_word' id='word_1_70' title='bbox 756 1145 856 1206; x_wconf 91' lang='lat' dir='ltr'><strong>limine</strong></span> <span class='ocrx_word' id='word_1_71' title='bbox 874 1143 994 1221; x_wconf 89' lang='lat' dir='ltr'><strong>pendes.</strong></span> 
     </span>
     <span class='ocr_line' id='line_1_12' title="bbox 178 1226 1023 1304; baseline -0.011 -10"><span class='ocrx_word' id='word_1_72' title='bbox 178 1233 297 1295; x_wconf 87' lang='lat' dir='ltr'><strong>sedibus</strong></span> <span class='ocrx_word' id='word_1_73' title='bbox 318 1234 398 1295; x_wconf 89' lang='lat' dir='ltr'><strong>buno</strong></span> <span class='ocrx_word' id='word_1_74' title='bbox 419 1233 500 1294; x_wconf 86' lang='lat' dir='ltr'><strong>reler</strong></span> <span class='ocrx_word' id='word_1_75' title='bbox 521 1241 589 1294; x_wconf 84' lang='lat' dir='ltr'><strong>ente</strong></span> <span class='ocrx_word' id='word_1_76' title='bbox 609 1231 670 1292; x_wconf 91' lang='lat' dir='ltr'><strong>suis</strong></span> <span class='ocrx_word' id='word_1_77' title='bbox 693 1237 722 1290; x_wconf 91' lang='lat' dir='ltr'><strong>et</strong></span> <span class='ocrx_word' id='word_1_78' title='bbox 742 1228 837 1290; x_wconf 81' lang='lat' dir='ltr'><strong>conde</strong></span> <span class='ocrx_word' id='word_1_79' title='bbox 856 1226 1023 1304; x_wconf 84' lang='lat' dir='ltr'><strong>sepulchro.</strong></span> 
     </span>
     <span class='ocr_line' id='line_1_13' title="bbox 178 1305 1121 1396; baseline -0.012 -18"><span class='ocrx_word' id='word_1_80' title='bbox 178 1317 237 1378; x_wconf 88' lang='lat' dir='ltr'><strong>dne</strong></span> <span class='ocrx_word' id='word_1_81' title='bbox 256 1320 356 1395; x_wconf 77' lang='lat' dir='ltr'><strong>nigras</strong></span> <span class='ocrx_word' id='word_1_82' title='bbox 376 1316 520 1396; x_wconf 61' lang='lat' dir='ltr'><strong>pecudem</strong></span> <span class='ocrx_word' id='word_1_83' title='bbox 544 1334 577 1377; x_wconf 94' lang='lat' dir='ltr'><strong>ea</strong></span> <span class='ocrx_word' id='word_1_84' title='bbox 597 1315 693 1393; x_wconf 81' lang='lat' dir='ltr'><strong>prims</strong></span> <span class='ocrx_word' id='word_1_85' title='bbox 714 1309 945 1391; x_wconf 85' lang='lat' dir='ltr'><strong>piacula&#39;sunto.</strong></span> <span class='ocrx_word' id='word_1_86' title='bbox 1116 1305 1121 1312; x_wconf 85' lang='grc'><strong>’</strong></span> 
     </span>
     <span class='ocr_line' id='line_1_14' title="bbox 178 1395 934 1480; baseline -0.009 -20"><span class='ocrx_word' id='word_1_87' title='bbox 178 1401 221 1460; x_wconf 88' lang='lat' dir='ltr'><strong>sio</strong></span> <span class='ocrx_word' id='word_1_88' title='bbox 243 1399 362 1462; x_wconf 90' lang='lat' dir='ltr'><strong>demum</strong></span> <span class='ocrx_word' id='word_1_89' title='bbox 383 1399 466 1461; x_wconf 87' lang='lat' dir='ltr'><strong>lucos</strong></span> <span class='ocrx_word' id='word_1_90' title='bbox 488 1400 584 1480; x_wconf 75' lang='lat' dir='ltr'><strong>Stygis</strong></span> <span class='ocrx_word' id='word_1_91' title='bbox 606 1407 636 1459; x_wconf 92' lang='lat' dir='ltr'><strong>et</strong></span> <span class='ocrx_word' id='word_1_92' title='bbox 656 1415 748 1476; x_wconf 78' lang='lat' dir='ltr'><strong>regna</strong></span> <span class='ocrx_word' id='word_1_93' title='bbox 769 1397 845 1457; x_wconf 83' lang='lat' dir='ltr'><strong>invia</strong></span> <span class='ocrx_word' id='word_1_94' title='bbox 864 1395 934 1454; x_wconf 84' lang='lat' dir='ltr'><strong>rivis</strong></span> 
     </span>
     <span class='ocr_line' id='line_1_15' title="bbox 178 1481 873 1563; baseline -0.007 -20"><span class='ocrx_word' id='word_1_95' title='bbox 178 1482 325 1562; x_wconf 80' lang='lat' dir='ltr'><strong>aspicies&#39;</strong></span> <span class='ocrx_word' id='word_1_96' title='bbox 369 1483 441 1544; x_wconf 85' lang='lat' dir='ltr'><strong>dixit</strong></span> <span class='ocrx_word' id='word_1_97' title='bbox 462 1502 624 1563; x_wconf 88' lang='lat' dir='ltr'><strong>pressoque</strong></span> <span class='ocrx_word' id='word_1_98' title='bbox 644 1481 790 1542; x_wconf 90' lang='lat' dir='ltr'><strong>obmutuit</strong></span> <span class='ocrx_word' id='word_1_99' title='bbox 812 1497 873 1539; x_wconf 90' lang='lat' dir='ltr'><strong>ore.</strong></span> 
     </span>
     <span class='ocr_line' id='line_1_16' title="bbox 219 1563 819 1629; baseline -0.003 -2"><span class='ocrx_word' id='word_1_100' title='bbox 219 1566 333 1627; x_wconf 77' lang='lat' dir='ltr'><strong>deneas</strong></span> <span class='ocrx_word' id='word_1_101' title='bbox 350 1575 461 1628; x_wconf 77' lang='lat' dir='ltr'><strong>maesto</strong></span> <span class='ocrx_word' id='word_1_102' title='bbox 481 1567 593 1629; x_wconf 84' lang='lat' dir='ltr'><strong>defixus</strong></span> <span class='ocrx_word' id='word_1_103' title='bbox 612 1566 721 1627; x_wconf 88' lang='lat' dir='ltr'><strong>lumina</strong></span> <span class='ocrx_word' id='word_1_104' title='bbox 739 1563 819 1625; x_wconf 89' lang='lat' dir='ltr'><strong>voltu</strong></span> 
     </span>
     <span class='ocr_line' id='line_1_17' title="bbox 178 1644 978 1729; baseline -0.008 -18"><span class='ocrx_word' id='word_1_105' title='bbox 178 1650 355 1728; x_wconf 80' lang='lat' dir='ltr'><strong>ingreditur,</strong></span> <span class='ocrx_word' id='word_1_106' title='bbox 377 1649 512 1729; x_wconf 89' lang='lat' dir='ltr'><strong>linquens</strong></span> <span class='ocrx_word' id='word_1_107' title='bbox 533 1659 663 1719; x_wconf 83' lang='lat' dir='ltr'>antrum,</span> <span class='ocrx_word' id='word_1_108' title='bbox 684 1665 846 1726; x_wconf 86' lang='lat' dir='ltr'><strong>caecosque</strong></span> <span class='ocrx_word' id='word_1_109' title='bbox 867 1644 978 1707; x_wconf 83' lang='lat' dir='ltr'><strong>volutat</strong></span> 
     </span>
     <span class='ocr_line' id='line_1_18' title="bbox 179 1731 885 1795; baseline -0.007 -1"><span class='ocrx_word' id='word_1_110' title='bbox 179 1741 299 1794; x_wconf 81' lang='lat' dir='ltr'><strong>eventus</strong></span> <span class='ocrx_word' id='word_1_111' title='bbox 320 1735 418 1794; x_wconf 82' lang='lat' dir='ltr'><strong>animo</strong></span> <span class='ocrx_word' id='word_1_112' title='bbox 440 1752 550 1795; x_wconf 87' lang='lat' dir='ltr'><strong>seeum.</strong></span> <span class='ocrx_word' id='word_1_113' title='bbox 595 1735 643 1795; x_wconf 88' lang='lat' dir='ltr'><strong>eui</strong></span> <span class='ocrx_word' id='word_1_114' title='bbox 664 1733 739 1793; x_wconf 86' lang='lat' dir='ltr'><strong>fidus</strong></span> <span class='ocrx_word' id='word_1_115' title='bbox 759 1731 885 1792; x_wconf 77' lang='lat' dir='ltr'><strong>Achates</strong></span> 
     </span>
     <span class='ocr_line' id='line_1_19' title="bbox 154 1814 847 1894; baseline -0.004 -17"><span class='ocrx_word' id='word_1_116' title='bbox 154 1814 158 1821; x_wconf 83' lang='lat'>&#39;</span> <span class='ocrx_word' id='word_1_117' title='bbox 178 1818 201 1877; x_wconf 94' lang='lat' dir='ltr'><strong>it</strong></span> <span class='ocrx_word' id='word_1_118' title='bbox 222 1834 322 1877; x_wconf 86' lang='lat' dir='ltr'><strong>eomes</strong></span> <span class='ocrx_word' id='word_1_119' title='bbox 343 1824 373 1877; x_wconf 94' lang='lat' dir='ltr'><strong>et</strong></span> <span class='ocrx_word' id='word_1_120' title='bbox 391 1817 513 1894; x_wconf 84' lang='lat' dir='ltr'><strong>paribus</strong></span> <span class='ocrx_word' id='word_1_121' title='bbox 535 1819 614 1878; x_wconf 85' lang='lat' dir='ltr'><strong>euris</strong></span> <span class='ocrx_word' id='word_1_122' title='bbox 634 1816 754 1894; x_wconf 80' lang='lat' dir='ltr'><strong>vestigia</strong></span> <span class='ocrx_word' id='word_1_123' title='bbox 776 1815 847 1892; x_wconf 84' lang='lat' dir='ltr'><strong>tigit.</strong></span> 
     </span>
     <span class='ocr_line' id='line_1_20' title="bbox 178 1898 1202 1968; baseline -0.002 -5"><span class='ocrx_word' id='word_1_124' title='bbox 178 1898 270 1963; x_wconf 88' lang='lat' dir='ltr'><strong>multa</strong></span> <span class='ocrx_word' id='word_1_125' title='bbox 289 1901 366 1962; x_wconf 92' lang='lat' dir='ltr'><strong>inter</strong></span> <span class='ocrx_word' id='word_1_126' title='bbox 387 1918 453 1962; x_wconf 87' lang='lat' dir='ltr'><strong>sese</strong></span> <span class='ocrx_word' id='word_1_127' title='bbox 477 1902 558 1963; x_wconf 87' lang='lat' dir='ltr'><strong>vario</strong></span> <span class='ocrx_word' id='word_1_128' title='bbox 579 1918 717 1963; x_wconf 86' lang='lat' dir='ltr'><strong>sermone</strong></span> <span class='ocrx_word' id='word_1_129' title='bbox 738 1898 891 1968; x_wconf 77' lang='lat' dir='ltr'>serebant,</span> <span class='ocrx_word' id='word_1_130' title='bbox 1149 1907 1202 1962; x_wconf 84' lang='lat'><strong>160</strong></span> 
     </span>
     <span class='ocr_line' id='line_1_21' title="bbox 178 1979 1138 2063; baseline -0.004 -19"><span class='ocrx_word' id='word_1_131' title='bbox 178 2001 267 2062; x_wconf 83' lang='lat' dir='ltr'><strong>quem</strong></span> <span class='ocrx_word' id='word_1_132' title='bbox 288 1984 402 2046; x_wconf 81' lang='lat' dir='ltr'><strong>socium</strong></span> <span class='ocrx_word' id='word_1_133' title='bbox 424 1987 588 2047; x_wconf 88' lang='lat' dir='ltr'><strong>exanimem</strong></span> <span class='ocrx_word' id='word_1_134' title='bbox 607 1994 702 2055; x_wconf 84' lang='lat' dir='ltr'><strong>vates,</strong></span> <span class='ocrx_word' id='word_1_135' title='bbox 726 1983 804 2063; x_wconf 90' lang='lat' dir='ltr'><strong>quod</strong></span> <span class='ocrx_word' id='word_1_136' title='bbox 827 2000 935 2060; x_wconf 88' lang='lat' dir='ltr'><strong>eorpus</strong></span> <span class='ocrx_word' id='word_1_137' title='bbox 954 1979 1138 2041; x_wconf 83' lang='lat' dir='ltr'><strong>humandum</strong></span> 
     </span>
     <span class='ocr_line' id='line_1_22' title="bbox 179 2065 932 2146; baseline -0.003 -20"><span class='ocrx_word' id='word_1_138' title='bbox 179 2065 299 2128; x_wconf 78' lang='lat' dir='ltr'><strong>diceret</strong></span> <span class='ocrx_word' id='word_1_139' title='bbox 344 2076 432 2146; x_wconf 89' lang='lat' dir='ltr'><strong>atque</strong></span> <span class='ocrx_word' id='word_1_140' title='bbox 452 2068 494 2131; x_wconf 92' lang='lat' dir='ltr'><strong>illi</strong></span> <span class='ocrx_word' id='word_1_141' title='bbox 513 2069 657 2132; x_wconf 79' lang='lat' dir='ltr'><strong>Misenum</strong></span> <span class='ocrx_word' id='word_1_142' title='bbox 678 2070 709 2129; x_wconf 95' lang='lat' dir='ltr'><strong>in</strong></span> <span class='ocrx_word' id='word_1_143' title='bbox 731 2067 817 2129; x_wconf 89' lang='lat' dir='ltr'><strong>litore</strong></span> <span class='ocrx_word' id='word_1_144' title='bbox 838 2067 932 2134; x_wconf 84' lang='lat' dir='ltr'><strong>sicco,</strong></span> 
     </span>
     <span class='ocr_line' id='line_1_23' title="bbox 180 2152 951 2234; baseline -0.001 -25"><span class='ocrx_word' id='word_1_145' title='bbox 180 2156 211 2210; x_wconf 92' lang='lat' dir='ltr'><strong>ut</strong></span> <span class='ocrx_word' id='word_1_146' title='bbox 232 2169 354 2221; x_wconf 79' lang='lat' dir='ltr'><strong>venere,</strong></span> <span class='ocrx_word' id='word_1_147' title='bbox 377 2152 476 2214; x_wconf 88' lang='lat' dir='ltr'><strong>vident</strong></span> <span class='ocrx_word' id='word_1_148' title='bbox 494 2155 612 2234; x_wconf 82' lang='lat' dir='ltr'><strong>indigna</strong></span> <span class='ocrx_word' id='word_1_149' title='bbox 633 2160 729 2217; x_wconf 89' lang='lat' dir='ltr'><strong>morte</strong></span> <span class='ocrx_word' id='word_1_150' title='bbox 750 2157 951 2232; x_wconf 88' lang='lat' dir='ltr'><strong>peremptum,</strong></span> 
     </span>
     <span class='ocr_line' id='line_1_24' title="bbox 178 2232 1011 2317; baseline -0.001 -24"><span class='ocrx_word' id='word_1_151' title='bbox 178 2233 321 2295; x_wconf 82' lang='lat' dir='ltr'><strong>Misenum</strong></span> <span class='ocrx_word' id='word_1_152' title='bbox 342 2236 496 2308; x_wconf 76' lang='lat' dir='ltr'><strong>Aeoliden,</strong></span> <span class='ocrx_word' id='word_1_153' title='bbox 516 2257 575 2317; x_wconf 89' lang='lat' dir='ltr'><strong>quo</strong></span> <span class='ocrx_word' id='word_1_154' title='bbox 594 2256 655 2299; x_wconf 94' lang='lat' dir='ltr'><strong>non</strong></span> <span class='ocrx_word' id='word_1_155' title='bbox 675 2237 872 2316; x_wconf 78' lang='lat' dir='ltr'><strong>praestantior</strong></span> <span class='ocrx_word' id='word_1_156' title='bbox 890 2232 964 2293; x_wconf 88' lang='lat' dir='ltr'><strong>alter</strong></span> <span class='ocrx_word' id='word_1_157' title='bbox 1005 2259 1011 2266; x_wconf 93' lang='lat'><strong>·</strong></span> 
     </span>
     <span class='ocr_line' id='line_1_25' title="bbox 179 2319 940 2401; baseline 0 -25"><span class='ocrx_word' id='word_1_158' title='bbox 179 2334 248 2378; x_wconf 89' lang='lat' dir='ltr'><strong>aere</strong></span> <span class='ocrx_word' id='word_1_159' title='bbox 270 2319 350 2379; x_wconf 87' lang='lat' dir='ltr'><strong>oiere</strong></span> <span class='ocrx_word' id='word_1_160' title='bbox 366 2320 444 2380; x_wconf 87' lang='lat' dir='ltr'><strong>viros</strong></span> <span class='ocrx_word' id='word_1_161' title='bbox 461 2322 645 2401; x_wconf 87' lang='lat' dir='ltr'><strong>Martemque</strong></span> <span class='ocrx_word' id='word_1_162' title='bbox 664 2322 827 2382; x_wconf 80' lang='lat' dir='ltr'><strong>accendere</strong></span> <span class='ocrx_word' id='word_1_163' title='bbox 843 2324 940 2380; x_wconf 84' lang='lat' dir='ltr'><strong>cantu.</strong></span> 
     </span>
     <span class='ocr_line' id='line_1_26' title="bbox 178 2399 1026 2483; baseline 0.001 -23"><span class='ocrx_word' id='word_1_164' title='bbox 178 2399 314 2460; x_wconf 79' lang='lat' dir='ltr'><strong>Hectoris</strong></span> <span class='ocrx_word' id='word_1_165' title='bbox 335 2403 384 2463; x_wconf 85' lang='lat' dir='ltr'><strong>hie</strong></span> <span class='ocrx_word' id='word_1_166' title='bbox 404 2407 504 2483; x_wconf 82' lang='lat' dir='ltr'><strong>magni</strong></span> <span class='ocrx_word' id='word_1_167' title='bbox 520 2406 617 2467; x_wconf 82' lang='lat' dir='ltr'><strong>lueret</strong></span> <span class='ocrx_word' id='word_1_168' title='bbox 635 2423 746 2474; x_wconf 88' lang='lat' dir='ltr'><strong>eomes,</strong></span> <span class='ocrx_word' id='word_1_169' title='bbox 765 2405 893 2465; x_wconf 87' lang='lat' dir='ltr'><strong>Hectora</strong></span> <span class='ocrx_word' id='word_1_170' title='bbox 915 2401 1026 2461; x_wconf 73' lang='lat' dir='ltr'><strong>obsum</strong></span> 
     </span>
     <span class='ocr_line' id='line_1_27' title="bbox 180 2483 861 2567; baseline 0.003 -23"><span class='ocrx_word' id='word_1_171' title='bbox 180 2489 209 2544; x_wconf 91' lang='lat' dir='ltr'><strong>et</strong></span> <span class='ocrx_word' id='word_1_172' title='bbox 229 2483 303 2544; x_wconf 91' lang='lat' dir='ltr'><strong>lituo</strong></span> <span class='ocrx_word' id='word_1_173' title='bbox 322 2503 437 2564; x_wconf 84' lang='lat' dir='ltr'><strong>pugnas</strong></span> <span class='ocrx_word' id='word_1_174' title='bbox 458 2489 580 2567; x_wconf 85' lang='lat' dir='ltr'><strong>insignis</strong></span> <span class='ocrx_word' id='word_1_175' title='bbox 600 2489 700 2549; x_wconf 87' lang='lat' dir='ltr'><strong>obibat</strong></span> <span class='ocrx_word' id='word_1_176' title='bbox 722 2495 751 2548; x_wconf 91' lang='lat' dir='ltr'><strong>et</strong></span> <span class='ocrx_word' id='word_1_177' title='bbox 768 2487 861 2547; x_wconf 87' lang='lat' dir='ltr'><strong>hasta.</strong></span> 
     </span>
     <span class='ocr_line' id='line_1_28' title="bbox 177 2568 938 2650; baseline 0.008 -24"><span class='ocrx_word' id='word_1_178' title='bbox 177 2574 334 2646; x_wconf 86' lang='lat' dir='ltr'><strong>postquam</strong></span> <span class='ocrx_word' id='word_1_179' title='bbox 355 2569 438 2630; x_wconf 91' lang='lat' dir='ltr'><strong>illum</strong></span> <span class='ocrx_word' id='word_1_180' title='bbox 456 2573 513 2630; x_wconf 85' lang='lat' dir='ltr'><strong>vita</strong></span> <span class='ocrx_word' id='word_1_181' title='bbox 535 2575 628 2632; x_wconf 87' lang='lat' dir='ltr'><strong>victor</strong></span> <span class='ocrx_word' id='word_1_182' title='bbox 647 2571 779 2650; x_wconf 83' lang='lat' dir='ltr'><strong>spoliavit</strong></span> <span class='ocrx_word' id='word_1_183' title='bbox 797 2568 938 2641; x_wconf 76' lang='lat' dir='ltr'><strong>Achilles,</strong></span> 
     </span>
     <span class='ocr_line' id='line_1_29' title="bbox 177 2647 853 2715; baseline 0 -3"><span class='ocrx_word' id='word_1_184' title='bbox 177 2647 325 2712; x_wconf 82' lang='lat' dir='ltr'><strong>llurdanio</strong></span> <span class='ocrx_word' id='word_1_185' title='bbox 336 2654 463 2714; x_wconf 85' lang='lat' dir='ltr'><strong>.lleneae</strong></span> <span class='ocrx_word' id='word_1_186' title='bbox 484 2671 549 2715; x_wconf 87' lang='lat' dir='ltr'><strong>sese</strong></span> <span class='ocrx_word' id='word_1_187' title='bbox 568 2656 744 2715; x_wconf 83' lang='lat' dir='ltr'><strong>fortissimus</strong></span> <span class='ocrx_word' id='word_1_188' title='bbox 763 2653 853 2713; x_wconf 89' lang='lat' dir='ltr'><strong>beros</strong></span> 
     </span>
     <span class='ocr_line' id='line_1_30' title="bbox 178 2734 864 2807; baseline 0.001 -13"><span class='ocrx_word' id='word_1_189' title='bbox 178 2734 331 2796; x_wconf 78' lang='lat' dir='ltr'><strong>addiderat</strong></span> <span class='ocrx_word' id='word_1_190' title='bbox 347 2738 474 2807; x_wconf 85' lang='lat' dir='ltr'><strong>socium,</strong></span> <span class='ocrx_word' id='word_1_191' title='bbox 495 2750 555 2798; x_wconf 87' lang='lat' dir='ltr'><strong>non</strong></span> <span class='ocrx_word' id='word_1_192' title='bbox 577 2737 717 2799; x_wconf 76' lang='lat' dir='ltr'><strong>inferiora</strong></span> <span class='ocrx_word' id='word_1_193' title='bbox 737 2744 864 2797; x_wconf 85' lang='lat' dir='ltr'><strong>secutus.</strong></span> 
     </span>
     <span class='ocr_line' id='line_1_31' title="bbox 178 2816 1043 2901; baseline 0.002 -24"><span class='ocrx_word' id='word_1_194' title='bbox 178 2816 231 2878; x_wconf 88' lang='lat' dir='ltr'><strong>sed</strong></span> <span class='ocrx_word' id='word_1_195' title='bbox 244 2826 307 2878; x_wconf 91' lang='lat' dir='ltr'><strong>tum</strong></span> <span class='ocrx_word' id='word_1_196' title='bbox 325 2818 402 2879; x_wconf 85' lang='lat' dir='ltr'><strong>sorte</strong></span> <span class='ocrx_word' id='word_1_197' title='bbox 424 2837 494 2880; x_wconf 82' lang='lat' dir='ltr'><strong>cava</strong></span> <span class='ocrx_word' id='word_1_198' title='bbox 513 2820 584 2881; x_wconf 94' lang='lat' dir='ltr'><strong>dum</strong></span> <span class='ocrx_word' id='word_1_199' title='bbox 605 2829 746 2901; x_wconf 86' lang='lat' dir='ltr'><strong>personat</strong></span> <span class='ocrx_word' id='word_1_200' title='bbox 767 2837 895 2897; x_wconf 85' lang='lat' dir='ltr'><strong>aequora</strong></span> <span class='ocrx_word' id='word_1_201' title='bbox 917 2819 1043 2890; x_wconf 86' lang='lat' dir='ltr'><strong>coneha,</strong></span> 
     </span>
     <span class='ocr_line' id='line_1_32' title="bbox 178 2900 922 2974; baseline 0.007 -15"><span class='ocrx_word' id='word_1_202' title='bbox 178 2900 315 2971; x_wconf 89' lang='lat' dir='ltr'><strong>demens,</strong></span> <span class='ocrx_word' id='word_1_203' title='bbox 336 2910 365 2961; x_wconf 90' lang='lat' dir='ltr'><strong>et</strong></span> <span class='ocrx_word' id='word_1_204' title='bbox 383 2913 471 2964; x_wconf 84' lang='lat' dir='ltr'><strong>centu</strong></span> <span class='ocrx_word' id='word_1_205' title='bbox 491 2914 577 2965; x_wconf 83' lang='lat' dir='ltr'><strong>vocat</strong></span> <span class='ocrx_word' id='word_1_206' title='bbox 597 2907 628 2966; x_wconf 95' lang='lat' dir='ltr'><strong>in</strong></span> <span class='ocrx_word' id='word_1_207' title='bbox 646 2906 806 2967; x_wconf 85' lang='lat' dir='ltr'><strong>certamina</strong></span> <span class='ocrx_word' id='word_1_208' title='bbox 827 2903 922 2974; x_wconf 83' lang='lat' dir='ltr'><strong>divos,</strong></span> 
     </span>
     <span class='ocr_line' id='line_1_33' title="bbox 178 2982 1043 3081; baseline 0.002 -37"><span class='ocrx_word' id='word_1_209' title='bbox 178 2982 312 3081; x_wconf 71' lang='lat' dir='ltr'><strong>aemulus</strong></span> <span class='ocrx_word' id='word_1_210' title='bbox 333 2995 490 3064; x_wconf 83' lang='lat' dir='ltr'><strong>exceptum</strong></span> <span class='ocrx_word' id='word_1_211' title='bbox 510 2988 630 3061; x_wconf 83' lang='lat' dir='ltr'><strong>Triton,</strong></span> <span class='ocrx_word' id='word_1_212' title='bbox 653 2991 678 3050; x_wconf 92' lang='lat' dir='ltr'><strong>si</strong></span> <span class='ocrx_word' id='word_1_213' title='bbox 699 2989 821 3050; x_wconf 85' lang='lat' dir='ltr'><strong>eredere</strong></span> <span class='ocrx_word' id='word_1_214' title='bbox 842 2988 964 3067; x_wconf 81' lang='lat' dir='ltr'><strong>dignum</strong></span> <span class='ocrx_word' id='word_1_215' title='bbox 986 2994 1043 3056; x_wconf 91' lang='lat' dir='ltr'><strong>est,</strong></span> 
     </span>
     <span class='ocr_line' id='line_1_34' title="bbox 178 3070 928 3150; baseline 0.007 -23"><span class='ocrx_word' id='word_1_216' title='bbox 178 3075 255 3128; x_wconf 88' lang='lat' dir='ltr'><strong>mter</strong></span> <span class='ocrx_word' id='word_1_217' title='bbox 277 3086 347 3129; x_wconf 83' lang='lat' dir='ltr'><strong>saxa</strong></span> <span class='ocrx_word' id='word_1_218' title='bbox 366 3070 462 3132; x_wconf 85' lang='lat' dir='ltr'><strong>virum</strong></span> <span class='ocrx_word' id='word_1_219' title='bbox 481 3090 621 3150; x_wconf 84' lang='lat' dir='ltr'><strong>spumosa</strong></span> <span class='ocrx_word' id='word_1_220' title='bbox 642 3076 818 3135; x_wconf 80' lang='lat' dir='ltr'><strong>inmerserat</strong></span> <span class='ocrx_word' id='word_1_221' title='bbox 841 3072 928 3133; x_wconf 85' lang='lat' dir='ltr'><strong>unda.</strong></span> 
     </span>
     <span class='ocr_line' id='line_1_35' title="bbox 179 3155 991 3233; baseline 0.006 -23"><span class='ocrx_word' id='word_1_222' title='bbox 179 3166 252 3227; x_wconf 80' lang='lat' dir='ltr'><strong>ergo</strong></span> <span class='ocrx_word' id='word_1_223' title='bbox 273 3169 375 3212; x_wconf 91' lang='lat' dir='ltr'><strong>omnes</strong></span> <span class='ocrx_word' id='word_1_224' title='bbox 396 3172 504 3233; x_wconf 78' lang='lat' dir='ltr'><strong>magno</strong></span> <span class='ocrx_word' id='word_1_225' title='bbox 527 3158 639 3219; x_wconf 87' lang='lat' dir='ltr'><strong>circum</strong></span> <span class='ocrx_word' id='word_1_226' title='bbox 661 3156 790 3218; x_wconf 82' lang='lat' dir='ltr'><strong>elamore</strong></span> <span class='ocrx_word' id='word_1_227' title='bbox 812 3155 991 3223; x_wconf 80' lang='lat' dir='ltr'><strong>fremebant,</strong></span> 
     </span>
     <span class='ocr_line' id='line_1_36' title="bbox 178 3235 938 3318; baseline 0.009 -26"><span class='ocrx_word' id='word_1_228' title='bbox 178 3235 337 3312; x_wconf 86' lang='lat' dir='ltr'><strong>praecipue</strong></span> <span class='ocrx_word' id='word_1_229' title='bbox 358 3238 425 3315; x_wconf 87' lang='lat' dir='ltr'><strong>pius</strong></span> <span class='ocrx_word' id='word_1_230' title='bbox 446 3241 568 3300; x_wconf 79' lang='lat' dir='ltr'><strong>Aeneas.</strong></span> <span class='ocrx_word' id='word_1_231' title='bbox 612 3248 676 3301; x_wconf 94' lang='lat' dir='ltr'><strong>tum</strong></span> <span class='ocrx_word' id='word_1_232' title='bbox 697 3241 775 3300; x_wconf 89' lang='lat' dir='ltr'><strong>iussa</strong></span> <span class='ocrx_word' id='word_1_233' title='bbox 796 3237 938 3318; x_wconf 77' lang='lat' dir='ltr'><strong>Sibyllae,</strong></span> 
     </span>
     <span class='ocr_line' id='line_1_37' title="bbox 178 3316 993 3401; baseline 0.006 -25"><span class='ocrx_word' id='word_1_234' title='bbox 178 3316 249 3377; x_wconf 91' lang='lat' dir='ltr'><strong>baut</strong></span> <span class='ocrx_word' id='word_1_235' title='bbox 270 3335 367 3387; x_wconf 83' lang='lat' dir='ltr'><strong>more,</strong></span> <span class='ocrx_word' id='word_1_236' title='bbox 391 3319 528 3383; x_wconf 79' lang='lat' dir='ltr'><strong>festinent</strong></span> <span class='ocrx_word' id='word_1_237' title='bbox 548 3322 652 3384; x_wconf 84' lang='lat' dir='ltr'><strong>flentes</strong></span> <span class='ocrx_word' id='word_1_238' title='bbox 674 3340 814 3401; x_wconf 86' lang='lat' dir='ltr'><strong>aramque</strong></span> <span class='ocrx_word' id='word_1_239' title='bbox 836 3319 993 3399; x_wconf 88' lang='lat' dir='ltr'><strong>sepulchro</strong></span> 
     </span>
     <span class='ocr_line' id='line_1_38' title="bbox 179 3403 1001 3493; baseline 0.007 -33"><span class='ocrx_word' id='word_1_240' title='bbox 179 3417 341 3493; x_wconf 75' lang='lat' dir='ltr'><strong>eongerere</strong></span> <span class='ocrx_word' id='word_1_241' title='bbox 362 3403 520 3466; x_wconf 88' lang='lat' dir='ltr'><strong>arboribus</strong></span> <span class='ocrx_word' id='word_1_242' title='bbox 542 3404 683 3485; x_wconf 85' lang='lat' dir='ltr'><strong>caeloque</strong></span> <span class='ocrx_word' id='word_1_243' title='bbox 702 3407 829 3467; x_wconf 86' lang='lat' dir='ltr'><strong>educere</strong></span> <span class='ocrx_word' id='word_1_244' title='bbox 849 3412 971 3466; x_wconf 84' lang='lat' dir='ltr'><strong>certant.</strong></span> <span class='ocrx_word' id='word_1_245' title='bbox 997 3410 1001 3414; x_wconf 68' lang='grc'>“</span> 
     </span>
     <span class='ocr_line' id='line_1_39' title="bbox 178 3485 971 3564; baseline 0.01 -22"><span class='ocrx_word' id='word_1_246' title='bbox 178 3492 237 3544; x_wconf 88' lang='lat' dir='ltr'><strong>rtur</strong></span> <span class='ocrx_word' id='word_1_247' title='bbox 258 3486 287 3544; x_wconf 94' lang='lat' dir='ltr'><strong>in</strong></span> <span class='ocrx_word' id='word_1_248' title='bbox 308 3485 457 3564; x_wconf 85' lang='lat' dir='ltr'><strong>antiquam</strong></span> <span class='ocrx_word' id='word_1_249' title='bbox 479 3486 595 3559; x_wconf 77' lang='lat' dir='ltr'><strong>silvam,</strong></span> <span class='ocrx_word' id='word_1_250' title='bbox 617 3487 730 3552; x_wconf 80' lang='lat' dir='ltr'><strong>stabula</strong></span> <span class='ocrx_word' id='word_1_251' title='bbox 750 3489 807 3550; x_wconf 85' lang='lat' dir='ltr'><strong>elta</strong></span> <span class='ocrx_word' id='word_1_252' title='bbox 827 3489 971 3559; x_wconf 80' lang='lat' dir='ltr'><strong>ferorum,</strong></span> 
     </span>
    </p>
   </div>
   <div class='ocr_carea' id='block_1_3' title="bbox 0 0 1261 4096">
    <p class='ocr_par' dir='ltr' id='par_1_3' title="bbox 0 0 1261 4096">
     <span class='ocr_line' id='line_1_40' title="bbox 0 0 1261 4096; baseline 0 0"><span class='ocrx_word' id='word_1_253' title='bbox 0 0 1261 4096; x_wconf 95' lang='lat' dir='ltr'><strong> </strong></span> 
     </span>
    </p>
   </div>
  </div>
 </body>
</html>
