2512 4096
472 278 616 326 vnnorm
632 277 757 326 anuum
774 279 797 325 x
1071 264 1134 327 303

127 454 179 497 ora
200 433 296 496 modis
317 431 508 495 Anchisiades
528 431 666 512 pallentia
687 434 779 504 miris,

127 520 268 598 ingemuit
289 519 432 579 nuceram
454 519 583 594 graviter
604 517 796 594 dextramque
817 517 948 588 tetendit,

127 611 156 665 et
177 609 306 665 mentem
327 601 439 679 patriae
459 599 548 663 subiit
569 601 683 678 pietatis
703 602 809 678 imago.

127 687 213 766 ‘quid
234 685 288 746 tibi
306 702 393 756 nunc,
416 684 581 745 miserande
598 701 682 762 puer,
706 701 762 761 pro
782 683 917 746 laudibus
938 686 1007 753 istis,
1083 690 1134 741 aaa

125 771 196 848 quid
218 769 284 848 pius
302 772 415 832 Aeneas
433 776 513 829 tanta
535 767 615 828 dabit
635 767 736 829 indole¹
754 767 894 846 dignum?

125 872 216 923 arma,
240 852 346 932 quibus
364 852 507 923 laetatu's,
526 852 604 913 habe
625 860 684 923 tua,
707 859 794 931 teque
813 859 969 930 parentum

123 938 260 999 manibus
282 945 311 998 et
332 937 433 1007 cineri,
456 938 539 1014 siqua
559 943 603 998 est
624 954 658 996 ea
677 954 758 1007 cura,
780 938 909 999 remitto.

123 1022 182 1083 hoc
203 1028 302 1083 tamen
324 1019 426 1084 infelix
447 1021 586 1082 miseram
604 1019 739 1081 solabere
758 1029 902 1083 mortem.

124 1108 241 1167 Aeneae
263 1106 362 1182 magni
383 1104 485 1165 dextra
507 1104 605 1165 cadis:
636 1106 770 1183 increpat
790 1105 868 1168 ultro

125 1190 290 1250 cunctantis
312 1189 407 1248 socios
427 1196 456 1248 et
474 1195 553 1248 terra
571 1187 702 1249 sublevat
723 1191 829 1267 ipsum,

123 1273 268 1350 sanguine
288 1278 456 1350 turpantem
479 1278 613 1348 comptos
634 1272 671 1334 de
692 1291 776 1333 more
794 1273 924 1352 capillos.

167 1356 283 1417 interea
303 1356 419 1433 genitor
441 1354 572 1415 Tiberini
591 1356 627 1415 ad
650 1354 778 1418 lluminis
799 1357 908 1418 undam

125 1439 243 1500 volnera
261 1439 390 1501 siccabat
410 1438 537 1518 lymphis
558 1455 725 1517 corpusque
741 1439 857 1501 levabat

125 1522 241 1584 arboris
260 1521 382 1583 adclinis
400 1532 516 1584 trunco.
548 1520 653 1600 procu
673 1541 759 1584 aerea
781 1526 871 1586 ramis

125 1607 271 1686 dependet
291 1605 374 1684 galea
396 1614 426 1669 et
447 1613 532 1684 prato
557 1608 654 1684 gravia
674 1625 756 1669 arma
778 1609 941 1686 quiescunt.

124 1696 202 1752 stant
219 1689 288 1752 lecti
309 1692 420 1751 circum
440 1692 575 1752 iuvenes:
595 1693 658 1769 ipse
680 1709 768 1768 aeger
788 1693 930 1754 anhelans

124 1773 198 1836 colla
219 1775 305 1846 fovet,
326 1774 408 1836 lusus
429 1791 592 1853 propexam
609 1776 640 1836 in
662 1783 785 1854 pectore
808 1777 948 1847 barbam;

122 1857 214 1921 multa
232 1875 322 1937 super
343 1858 438 1919 Lauso
458 1859 566 1937 rogitat
586 1859 771 1938 multumque
789 1863 911 1921 remittit

123 1945 175 2023 qui
195 1950 335 2003 revocent
356 1943 518 2021 maestique
540 1941 637 2002 ferant
653 1943 793 2004 mandata
814 1946 955 2022 parentis.

124 2034 153 2086 at
170 2025 299 2087 Lausum
320 2027 392 2086 socii
413 2027 579 2085 exanimem
599 2043 690 2103 super
710 2043 792 2087 mma
812 2026 949 2087 ferebant

123 2111 236 2178 denus,
258 2109 408 2186 ingentem
431 2115 519 2185 atque
539 2108 650 2185 ingenti
672 2108 792 2168 volnere
813 2109 931 2170 victum.

124 2191 259 2270 adgnovit
277 2189 364 2269 longe
387 2191 529 2266 gemitum
550 2208 693 2269 praesaga
714 2190 782 2251 mali
803 2210 903 2253 mens:

125 2276 258 2337 canitiem
276 2274 369 2335 multo
391 2273 537 2335 deformat
558 2273 678 2351 pulvere
699 2281 729 2336 et
750 2275 852 2336 ambas

124 2360 160 2424 ad
181 2358 294 2421 caelum
316 2357 410 2419 tendit
426 2357 539 2437 palmas
559 2364 588 2418 et
609 2375 735 2439 corpore
755 2359 896 2421 inhaeret.

125 2449 261 2504 ‘mutane
279 2461 329 2503 me
348 2443 443 2503 munit
463 2441 586 2513 urendi
608 2447 685 2513 nate,
708 2442 851 2522 voluptas,

123 2535 156 2588 ut
177 2544 233 2606 pro
255 2545 303 2588 me
327 2524 426 2587 hostili
447 2532 565 2605 paterer
586 2528 747 2590 succedere
769 2527 899 2600 dextrae,

124 2628 212 2690 mem
233 2611 340 2689 genuit
371 2619 459 2671 tuane
477 2610 551 2670 haec
571 2611 685 2689 genitor
707 2630 762 2692 per
781 2611 900 2676 volnera
920 2629 1031 2681 servor,

123 2701 220 2756 morte
240 2701 290 2756 tua
311 2695 426 2756 vicensi
456 2694 524 2765 heu,
547 2712 627 2756 nune
646 2697 757 2757 misero
777 2697 850 2759 mihi
871 2698 990 2760 demum

123 2779 243 2841 exitium
264 2777 374 2851 infelix,
395 2797 475 2840 nunc
497 2776 555 2839 alte
573 2778 846 2853 volnusadactum!

122 2863 200 2926 idem
223 2880 288 2941 ego,
305 2870 382 2932 nate,
402 2872 486 2923 tuum
505 2861 650 2923 maculari
671 2865 795 2925 crimine
813 2883 930 2935 nomeu,

122 2947 225 3027 pulsus
243 2946 281 3007 ob
303 2946 441 3007 invidiam
464 2944 537 3005 solio
558 2947 741 3024 sceptrisque
758 2950 898 3026 paternis,

124 3030 285 3092 debueram
305 3031 418 3110 patriae
439 3045 552 3106 poenas
573 3028 706 3106 odiisque
727 3047 878 3091 meorum:

124 3116 220 3174 omnis
239 3128 294 3193 per
314 3114 417 3174 mortis
438 3113 566 3173 animam
585 3118 701 3172 sontem
721 3113 785 3190 ipse
807 3113 966 3175 dedissem!

123 3215 204 3258 nunc
225 3199 287 3258 vivo
308 3215 405 3277 neque
427 3196 525 3258 adhuc
546 3195 681 3256 homines
702 3194 859 3276 lucemque
879 3196 1022 3277 relinquo.
1083 3203 1135 3254 aba

124 3281 176 3341 sed
195 3279 343 3359 linquam!
373 3281 461 3342 simul
482 3281 540 3341 hoc
562 3280 663 3341 dicens
682 3279 787 3342 attollit
808 3282 839 3340 in
858 3298 981 3360 aegrum

124 3384 156 3426 se
176 3364 273 3425 lemur
294 3373 332 3435 et,
350 3367 482 3443 wamiis
506 3363 591 3426 dolor
609 3363 667 3425 alto
684 3364 805 3428 volnere
826 3367 930 3436 tardet,

122 3450 195 3511 haut
213 3448 342 3509 deiectus
364 3466 449 3510 eoum
474 3451 542 3510 duci
560 3447 650 3511 iubet.
683 3450 742 3511 hoc
759 3451 848 3511 decus
866 3449 916 3520 illi,

123 3534 181 3595 boc
202 3531 334 3594 solamen
356 3539 434 3599 erat;
456 3531 540 3593 bellis
560 3532 618 3594 hoc
637 3533 730 3594 victor
751 3534 849 3595 abibat
