2512 4096
122 241 181 304 108
460 254 604 301 veneror
626 255 750 301 annms
772 256 798 300 11

120 426 192 487 ergo
215 408 309 468 omnis
329 407 417 486 longo
439 406 525 468 solvit
547 426 578 468 se
600 408 725 469 Teucria
747 406 838 469 luctu.

118 490 287 570 panduntur
308 499 425 570 portae;
446 494 525 552 iuvat
547 494 590 552 ire
611 501 640 552 et
656 491 762 552 Dorica
785 502 879 553 castra

120 575 311 652 desertosque
331 574 431 636 ridere
451 574 532 636 locos
554 575 679 654 litusque
701 575 845 636 relictum.

119 659 168 718 bic
187 657 331 736 Dolopum
353 676 471 728 manus,
488 659 536 719 hic
558 676 660 720 saevos
681 659 819 720 tendebat
840 659 982 729 Achilles,

120 741 262 802 classibus
284 742 331 802 hic
351 740 450 812 locus,
473 742 521 802 hic
542 744 605 803 acie
625 749 738 803 certare
760 742 900 803 solebant.
1102 757 1135 809 su

120 842 189 904 pars
210 833 308 904 stupet
328 827 468 904 innuptae
491 826 602 886 donum
624 825 739 887 exitiale
757 825 904 887 Minervae

121 916 149 970 et
170 908 279 969 molem
300 911 446 970 mirantur
471 911 552 987 equi;
575 909 748 987 primusque
768 908 944 988 Thymoetes

121 993 188 1052 duci
208 993 285 1053 intra
307 1010 409 1052 muros
429 993 565 1053 hortatur
587 1000 616 1052 et
637 1010 705 1053 arce
725 993 832 1063 locari,

120 1078 180 1137 sive
203 1074 270 1136 dolo
292 1092 346 1136 seu
366 1078 424 1136 iam
443 1076 549 1136 Troiae
571 1076 614 1136 sic
635 1076 693 1136 fata
713 1077 856 1137 ferebant.

119 1169 148 1219 at
170 1158 263 1239 Capys
285 1167 314 1220 et
332 1175 459 1237 quorum
481 1158 585 1221 melior
606 1161 748 1221 sententia
766 1162 856 1221 menti

119 1252 169 1304 aut
188 1242 293 1321 pelago
314 1241 447 1304 Danaum
469 1244 587 1304 insidias
609 1254 803 1323 suspectaque
824 1245 898 1303 dona

118 1328 312 1404 praecipitare
333 1326 436 1387 iubent
457 1328 654 1406 subiectisque
673 1345 763 1388 urere
784 1327 927 1395 llammis,

119 1417 169 1469 aut
191 1409 343 1470 terebrare
366 1428 450 1471 cavas
471 1412 548 1472 uteri
572 1419 600 1472 et
625 1419 768 1489 temptare
784 1411 922 1471 latebras.

121 1492 261 1553 scinditur
279 1493 425 1556 incertum
446 1495 542 1557 studia
562 1497 593 1555 in
616 1496 762 1556 contraria
780 1495 892 1571 volgus.

163 1574 279 1636 Primus
300 1577 341 1636 ibi
362 1586 429 1637 ante
450 1581 558 1647 omnis,
581 1596 688 1657 magna
710 1579 866 1639 comitante
885 1585 1013 1645 caterva,

120 1659 258 1720 Laocoon
277 1659 385 1720 ardens
407 1678 522 1721 summa
544 1661 674 1723 decurrit
695 1661 731 1721 ab
750 1679 818 1722 arce

120 1751 148 1802 et
170 1742 274 1820 procul
295 1753 328 1801 ‘o
351 1746 464 1813 miseri,
488 1761 563 1822 quae
583 1752 663 1805 tanta
685 1744 811 1812 insania,
837 1746 929 1806 cives?

120 1826 239 1886 creditis
261 1834 377 1886 avectos
399 1827 491 1887 hostis
512 1835 562 1888 aut
586 1826 642 1888 ulla
663 1829 771 1905 putatis

119 1908 197 1970 dona
217 1927 320 1970 carere
338 1909 412 1971 dolis
432 1910 583 1972 Danaum?
605 1913 647 1971 sic
668 1918 754 1971 notus
776 1910 892 1972 Ulixes?

120 1991 207 2070 *[aut
227 1991 285 2054 boc
306 1991 415 2055 inclusi
435 1992 517 2072 ligno
540 1994 725 2056 occultantur
747 1995 863 2075 Achivi]

119 2081 170 2136 aut
191 2076 265 2136 haec
286 2077 318 2137 in
341 2085 459 2139 nostros
480 2076 623 2142 fabricata
646 2086 690 2140 est
712 2078 848 2140 machina
871 2097 972 2140 muros

118 2160 288 2237 inspectura
311 2161 413 2224 domos
435 2171 619 2243 venturaque
640 2163 768 2243 desuper
790 2161 869 2234 urbi,

93 2258 95 2262 ’
119 2277 169 2324 aut
191 2261 296 2340 aliquis
317 2261 389 2323 latet
410 2279 512 2322 error:
535 2279 612 2340 equo
634 2276 672 2321 ne
694 2257 818 2326 credite,
841 2254 958 2316 Teucri.

120 2346 260 2426 quidquid
282 2346 311 2406 id
335 2354 392 2414 est,
415 2346 504 2406 timeo
526 2345 641 2406 Danaos
664 2351 693 2405 et
713 2342 790 2402 dona
807 2335 951 2400 ferentis'

119 2431 162 2493 sic
179 2429 255 2488 latus
277 2428 377 2489 validis
400 2430 549 2506 ingentem
570 2427 681 2487 viribus
703 2426 816 2484 hastam
1103 2426 1138 2480 50

119 2515 150 2574 in
171 2512 245 2572 latus
267 2514 356 2590 inque
376 2513 431 2571 leri
453 2529 572 2571 curvam
595 2507 785 2586 compagibus
807 2506 901 2566 alvom

121 2597 272 2658 contorsit.
317 2597 396 2656 stetit
422 2593 470 2654 illa
488 2601 635 2660 tremens,
658 2600 803 2667 uteroque
824 2605 944 2649 recusso

120 2683 279 2741 insonuere
301 2697 388 2739 cavae
411 2678 611 2755 gemitumque
627 2674 736 2736 dedere
757 2689 908 2733 cavernae.

122 2773 151 2825 et
173 2765 197 2823 si
217 2764 275 2822 sata
297 2762 402 2832 deum,
424 2763 448 2822 si
468 2777 553 2820 niens
573 2776 633 2819 non
654 2757 735 2818 laeva
758 2757 875 2825 luisset,

121 2844 278 2924 impulerat
295 2845 376 2906 lerro
396 2843 547 2922 Argolicas
568 2842 688 2903 foedare
708 2840 845 2909 latebras
1106 2846 1139 2899 5⁵

123 2930 270 3008 Troiaque
289 2946 368 2990 nunc
386 2935 490 2997 staret,
514 2927 681 3006 Priamique
701 2943 754 2985 arx
773 2925 829 2985 alta
853 2939 997 2984 maneres.
1029 2958 1035 2967 -

163 3014 241 3074 Ecce
263 3031 367 3074 manus
386 3014 521 3074 iuvenem
542 3013 654 3073 interea
675 3017 742 3088 post
764 3017 847 3088 terga
869 3007 1032 3069 revinctum

122 3105 255 3177 pastores
277 3114 382 3174 magno
405 3097 443 3158 ad
464 3112 566 3172 regem
590 3093 718 3156 clamore
741 3092 899 3152 trahebant

123 3180 322 3250 Dardanidae,
347 3183 395 3258 qui
418 3198 449 3240 se
470 3181 604 3256 ignotum
627 3177 810 3238 venientibus
833 3175 927 3245 ultro,

123 3266 181 3326 hoc
201 3266 297 3343 ipsum
319 3273 351 3323 ut
372 3270 499 3323 strueret
520 3262 697 3338 Troiamque
719 3260 846 3336 aperiret
860 3257 991 3328 Achivis,
1108 3264 1144 3320 dt)

124 3348 285 3426 optulerat,
306 3347 399 3407 ridens
422 3345 510 3405 animi
529 3351 617 3421 atque
640 3345 670 3402 in
690 3349 849 3422 utrumque
868 3348 998 3420 paratus,

124 3452 177 3494 seu
198 3447 317 3493 versare
337 3429 419 3490 dolos
444 3446 497 3493 seu
520 3434 619 3488 certae
639 3425 816 3487 occumbere
837 3424 934 3487 morti.

126 3518 255 3598 undique
279 3513 390 3576 visendi
408 3511 504 3573 studio
521 3511 649 3571 Troiana
671 3512 804 3572 iuventus
