2512 4096
1167 238 1199 311 ,s

444 317 586 365 vunnim
608 315 747 365 Ecnooh
768 316 808 364 111

247 476 284 537 I).
314 477 372 536 hut
393 473 440 533 hio
462 473 499 532 ad
523 480 634 533 veteres
655 471 738 549 lagos
760 489 828 532 cum
849 467 1015 548 Daphnidis
1037 490 1141 535 arcum

248 559 361 635 fregisti
384 565 412 618 et
434 557 574 617 calamos:
603 573 678 634 quae
698 561 745 624 tu,
769 570 907 634 perverse
928 553 1078 627 Menalca,

251 649 279 702 ot
301 661 367 704 cum
389 641 484 701 uidisti
505 657 598 718 puero
620 638 741 706 donata,
765 636 893 705 dolebas,

250 733 280 786 et
301 729 325 785 si
347 743 406 785 non
429 724 525 802 aliqua
546 724 711 789 nocuisses,
734 727 867 782 mortuus
890 738 980 783 esses
1110 737 1192 812 lo

249 810 292 869 M.
315 808 391 881 Quid
414 807 522 869 domiui
543 807 663 876 iaciant,
686 806 795 866 audent
816 823 883 866 cum
904 803 973 865 talia
996 806 1100 868 hiras?

250 908 310 952 non
333 909 387 967 ego
410 898 438 950 te
460 890 518 951 vidi
538 853 691 959 Damonis,
714 889 854 966 pessime,
879 905 1004 966 caprum

252 977 387 1052 excipere
408 974 532 1043 insidiis,
555 973 679 1034 multum
699 971 825 1033 latrante
845 972 984 1048 Lycisnt

253 1065 281 1119 et
303 1076 370 1118 cum
393 1056 550 1118 clamarem
573 1068 640 1136 ‘quo
663 1074 742 1118 nunc
763 1073 795 1117 se
815 1055 940 1134 proripit
961 1054 1032 1118 illei

251 1143 365 1220 Tityre,
390 1159 462 1219 coge
483 1141 595 1218 pecus!'
618 1148 649 1202 tu
671 1149 738 1217 post
759 1147 874 1201 carecta
894 1137 1018 1201 latebas.
1108 1152 1142 1206 ιο

252 1228 288 1287 Ι).
311 1226 354 1285 An
377 1226 448 1287 mihi
470 1226 612 1286 cantando
634 1226 725 1285 victus
747 1241 807 1284 nou
828 1222 966 1284 redderet
987 1222 1048 1293 illc,

253 1328 340 1390 quem
361 1329 427 1371 mea
449 1310 627 1370 carminibus
647 1308 801 1369 meruisset
822 1305 916 1368 fistula
940 1309 1086 1385 caprum?

254 1396 279 1453 si
301 1396 409 1462 nescis,
433 1412 516 1454 meus
536 1392 585 1453 ille
607 1409 694 1468 caper
715 1392 785 1460 iuit;
809 1390 929 1451 etmihi
950 1390 1067 1453 Damon

255 1479 318 1554 ipse
339 1476 499 1546 fatabertum
529 1477 580 1537 sed
593 1474 718 1536 reddere
739 1492 826 1553 posse
848 1472 983 1550 negabat.

254 1561 297 1621 Μ.
322 1559 469 1621 Cantando
480 1569 511 1620 tu
522 1560 621 1620 illum?
636 1566 686 1619 aut
696 1577 835 1638 umquam
846 1557 898 1618 tibi
910 1555 1007 1618 ustula
1019 1577 1090 1621 cera
1108 1569 1142 1625 lo

254 1646 351 1704 iuncta
374 1643 443 1703 initi
466 1661 524 1702 non
545 1652 578 1703 tu
598 1645 629 1702 in
649 1644 754 1712 triviis,
776 1643 909 1712 indocte,
932 1640 1053 1703 solebas

255 1728 389 1788 stridenti
410 1727 549 1786 miserum
571 1725 676 1803 stipula
699 1726 869 1806 disperdere
891 1727 1028 1786 carmen?

255 1813 291 1873 D.
314 1812 363 1871 Vis
385 1828 455 1888 ergo
476 1811 553 1870 iuter
574 1828 628 1869 nos
650 1810 718 1889 quid
740 1810 831 1887 possit
852 1816 976 1888 uterquc
1000 1810 1130 1872 vicissim

257 1894 460 1992 experiamur?
482 1911 536 1972 ogo
558 1894 634 1954 hanc
654 1892 773 1954 vitulam
795 1893 843 1973 (ue
864 1894 940 1955 sorte
960 1910 1094 1965 recuses,

256 1980 302 2041 his
321 1980 400 2040 venit
420 1978 456 2039 ed
478 1977 647 2046 mulctram,
669 1978 755 2038 binos
776 1976 826 2038 alit
847 1977 940 2039 ubere
960 1976 1050 2058 ictus)
1108 1989 1146 2045 ao

257 2065 387 2142 depono:
411 2070 443 2124 tu
466 2062 527 2132 dic,
550 2079 665 2123 mecum
688 2079 747 2139 quo
769 2062 893 2140 pignore
914 2067 1032 2122 certes.
1013 2105 1092 2123 ,ψ

256 2149 299 2209 Μ.
322 2148 364 2209 lle
386 2165 475 2226 grege
495 2164 555 2208 non
576 2147 669 2208 ausim
691 2146 847 2224 quicquam
861 2145 1012 2225 deponere
1024 2152 1142 2215 tecum.

216 2240 302 2291 “est
322 2231 393 2292 mihi
414 2249 539 2311 namque
562 2232 640 2292 domi
661 2237 758 2308 pater,
788 2237 831 2290 est
851 2229 957 2290 iniusto
978 2245 1122 2299 nocerem

257 2312 360 2391 hisque
380 2314 427 2374 die
449 2323 605 2377 numerant
626 2313 712 2374 ambo
737 2330 843 2391 pecus,
873 2311 946 2373 alter
968 2319 998 2373 ct
1018 2311 1142 2375 haedos

257 2414 375 2465 verum,
397 2397 426 2456 id
449 2399 526 2475 quod
548 2397 640 2458 mtdto
662 2405 724 2457 tute
746 2399 809 2476 ipsc
829 2396 960 2458 fatebere
981 2397 1087 2468 maius,
1109 2409 1144 2463 ss

260 2480 396 2557 (insanire
417 2479 487 2542 libet
508 2482 645 2560 quoniam
666 2479 728 2559 tihi)
751 2479 855 2559 pocula
876 2497 983 2559 ponam

259 2561 370 2642 lagine,
394 2563 537 2624 caelatum
559 2564 646 2625 divini
667 2583 740 2641 opus
761 2565 986 2626 Alcimedontis:

259 2648 337 2709 lenta
359 2646 464 2725 quihus
484 2655 570 2708 torno
591 2647 668 2710 lacili
689 2666 778 2727 super
800 2649 896 2710 addita
918 2649 982 2709 vitis

260 2731 379 2792 diliusos
401 2730 488 2792 edera
509 2733 593 2792 vestit
612 2730 739 2810 pallente
761 2732 924 2813 corymbos.

259 2817 290 2875 in
311 2813 407 2874 medio
429 2815 486 2876 duo
508 2817 604 2892 signa,
628 2816 728 2877 Conon
749 2825 830 2877 et-
848 2817 913 2897 quis
926 2817 981 2878 luit
996 2815 1082 2888 alter,
1112 2831 1149 2884 ιο

260 2897 413 2974 descripsit
433 2899 515 2960 radio
537 2905 630 2961 totum
652 2901 701 2977 qui
721 2900 856 2978 gentihus
877 2900 988 2971 orbem,

260 2987 392 3060 tempora
414 3000 487 3059 quae
509 3000 636 3052 messor,
659 3001 734 3062 quae
755 3001 860 3045 curvos
881 2991 980 3044 arator
1000 2982 1148 3047 haharcti

260 3065 386 3126 necdum
406 3065 461 3125 illis
483 3065 565 3127 labra
587 3067 716 3136 admovi,
739 3068 790 3130 sed
805 3068 919 3129 condita
941 3084 1036 3128 servo.
1122 3114 1165 3126 ..

260 3150 296 3208 I).
320 3149 357 3208 Et
377 3150 462 3209 nohis
482 3150 561 3210 idem
583 3149 752 3212 Alcimedon
773 3152 831 3213 duo
853 3149 958 3229 poculo
979 3151 1058 3222 iecit,

262 3238 290 3292 et
311 3231 391 3291 molli
413 3234 524 3293 circum
546 3238 589 3292 est
610 3252 695 3294 ansas
716 3233 866 3310 amplexus
887 3233 1022 3309 acantho,
1112 3247 1148 3303 45

262 3313 465 3392 Orpheaque
458 3333 487 3374 m
509 3315 607 3375 medio
628 3318 725 3394 posuit
745 3316 889 3398 silvasque
910 3317 1076 3396 sequentis;

261 3399 387 3459 necdum
408 3397 462 3457 illis
485 3396 567 3459 lahra
589 3400 717 3470 admovi,
739 3400 790 3461 sed
806 3402 921 3462 condita
942 3417 1043 3462 servo·
1133 3421 1146 3433 ·

262 3483 286 3541 si
306 3482 342 3542 ad
357 3481 474 3542 nitidam
496 3488 625 3560 spectas,
649 3482 719 3543 nihil
742 3490 785 3544 est
807 3484 884 3561 quod
906 3481 1016 3562 pocula
1032 3483 1142 3551 laudes

135 3563 153 3621 d
257 3564 1150 3646 M.Numquamhodiceffugiesveniamquocumquevocaris.
