2512 4096
177 251 240 323 206
511 261 654 310 vnnoun
676 261 803 311 nunnus
817 261 853 310 vt

71 485 75 492 ,
176 419 323 497 ingentem
346 424 375 479 et
396 433 510 478 summa
531 417 645 478 Danaos
666 434 702 477 ex
724 434 792 479 arce
813 413 945 476 vocabat.

176 510 248 563 tunc
266 519 313 562 me
330 501 497 562 confectum
520 499 637 562 choreis
653 517 816 579 sonnoque
835 506 986 577 gravatum

176 582 278 646 infelix
297 582 400 646 hebuit
421 583 566 647 thalamus
585 584 750 662 pressitque
770 585 914 644 iacentem

178 666 271 728 dulcis
290 675 319 730 et
339 666 396 729 alta
419 668 502 745 quies
522 666 711 747 placidaeque
729 665 874 727 simillima
894 665 992 729 morti

178 753 295 830 egregia
314 753 427 812 interea
448 752 575 812 coniunx
596 769 677 812 arma
700 752 797 811 omnia
819 751 902 811 tectis

178 841 292 897 amovet
313 836 352 915 (et
372 834 462 895 lidum
485 835 572 913 capiti
589 835 771 895 subduxerat
792 835 900 912 ensem)
908 843 921 894 ι·

177 919 254 980 intra
273 925 349 980 tecta
368 925 457 978 vocat.
475 917 639 980 Menelaum
661 925 689 979 et
709 917 808 978 limina
829 917 944 995 pandit,

177 999 286 1064 scilieet
307 1001 336 1064 id
358 1019 496 1080 magnum
519 1018 643 1081 sperans
662 1002 727 1062 iore
747 1018 855 1062 munus
875 1001 996 1063 amanti.

178 1090 207 1146 et
226 1087 333 1148 lamam
352 1087 484 1165 extingui
498 1092 630 1146 veterum
652 1085 695 1146 sic
712 1102 798 1163 posse
818 1083 972 1146 malorum.

178 1169 249 1248 quid
268 1169 388 1231 mororl
410 1171 583 1246 inrumpunt
601 1167 747 1239 thalamo,
767 1187 866 1229 comes
887 1168 1004 1229 additus
1020 1184 1082 1229 nna

178 1251 311 1314 hortator
332 1252 476 1314 scelerum
494 1251 638 1314 Aeolides.
683 1253 726 1323 di,
749 1251 816 1313 talia
839 1252 923 1313 Grais

177 1343 351 1405 instaurate,
374 1337 423 1417 pio
448 1338 473 1397 si
492 1352 603 1413 poenas
624 1353 675 1397 ore
696 1353 830 1414 reposco.

178 1417 230 1480 sed
244 1426 273 1480 te
294 1420 344 1498 qui
361 1419 456 1480 rivom
473 1437 573 1489 casus,
597 1435 651 1497 age
674 1419 886 1489 iarevieissim,

179 1501 337 1564 attulerint.
379 1501 513 1580 pelagius
530 1503 610 1564 venis
631 1503 783 1565 erroribus
801 1511 883 1565 actus

178 1603 216 1647 an
234 1586 347 1647 monitu
368 1585 483 1647 divom?
504 1603 542 1646 an
562 1604 638 1665 quae
653 1593 683 1648 te
704 1586 834 1648 Fortuna
854 1587 969 1666 fatigat,

177 1677 211 1731 nt
231 1670 320 1730 tristis
341 1669 403 1730 siue
424 1669 487 1730 sole
508 1668 627 1740 domos,
648 1668 715 1731 loca
733 1670 866 1740 turbida,
890 1668 1015 1731 adtrest‘

178 1752 234 1816 bac
254 1753 317 1815 vice
338 1770 508 1814 sermonum
528 1754 621 1813 roseis
640 1753 755 1814 Aurora
776 1753 926 1831 quadrigis

178 1837 236 1898 ism
256 1834 386 1898 medium
404 1835 534 1897 aetherio
557 1853 645 1897 cursu
664 1839 818 1898 traiecerat
839 1855 933 1899 axem.

180 1927 208 1981 et
230 1919 292 1982 iors
311 1937 399 1981 omne
420 1920 521 1982 datum
541 1920 694 1981 traherent
711 1938 766 1999 per
786 1919 853 1983 talia
874 1928 1003 2000 tempus,

66 2012 70 2019 ⁴
179 2001 231 2066 sed
253 2021 352 2066 comes
373 2003 525 2066 admonuit
544 2002 732 2084 breviterque
751 2005 847 2066 adfata
869 2004 975 2084 Sibylla
999 2010 1058 2065 est:

179 2095 252 2149 ‘nox
273 2089 349 2158 ruit,
370 2089 483 2157 Aenea:
505 2105 561 2150 nos
580 2087 678 2150 tiendo
697 2088 831 2150 ducimus
849 2088 947 2149 horas.

119 2172 122 2177 ’
178 2171 227 2232 hic
246 2170 330 2234 locus
352 2180 413 2242 est,
435 2173 526 2250 partis
548 2171 599 2234 ubi
621 2190 653 2235 se
674 2173 719 2234 ria
737 2173 821 2234 findit
841 2175 871 2234 in
893 2172 1009 2233 ambas:

179 2254 298 2316 dextera
316 2273 391 2333 quae
410 2254 482 2316 Ditis
501 2258 601 2334 magui
621 2256 676 2319 sub
695 2259 810 2318 moenia
832 2256 937 2326 tendit,

178 2336 235 2398 hac
255 2338 311 2399 iter
328 2337 456 2417 Elysium
475 2339 577 2409 nobis;
596 2348 625 2401 at
643 2340 725 2402 laeua
745 2340 889 2402 malorum
987 2408 989 2414 s

180 2427 298 2482 exercet
315 2437 426 2499 poenas
448 2429 477 2482 et
498 2422 534 2484 ad
557 2424 646 2501 impia
668 2424 791 2485 Tartara
812 2421 921 2485 mittit’

179 2503 349 2583 Deiphobus
371 2510 473 2565 contra
495 2508 657 2577 messori,
678 2524 785 2585 magna
807 2507 961 2569 sacerdos:

179 2588 342 2656 discedam,
365 2586 489 2664 explebo
509 2605 666 2651 numerum
687 2589 854 2668 reddarque
868 2590 1009 2653 tenebris.
1047 2589 1051 2594 ’

179 2673 189 2733 i
211 2670 315 2741 decus,
335 2671 359 2742 i,
380 2677 530 2732 nostrum:
552 2672 723 2735 melioribus
742 2681 826 2735 utere
843 2674 931 2739 fatis'

179 2761 293 2815 tantum
313 2753 429 2826 citatus,
451 2762 480 2816 et
501 2756 532 2816 in
549 2755 642 2817 verbo
661 2757 779 2836 vestigia
797 2758 889 2818 torsit.

221 2836 349 2916 Respicit
372 2837 501 2901 Aeneas:
518 2838 614 2901 subito
637 2847 665 2901 et
687 2840 742 2902 sub
764 2860 839 2920 rupe
860 2841 976 2902 sinistra

180 2921 296 2982 moenia
315 2919 373 2983 lata
390 2921 484 2994 uidet,
505 2922 612 3002 triplici
633 2924 812 2987 circumdata
834 2943 935 2995 muro,

181 3023 257 3084 quae
274 3005 395 3086 rapidus
411 3004 537 3069 flammis
558 3007 648 3070 ambit
667 3009 848 3072 torrentibus
869 3009 975 3080 onmis,
1089 3064 1092 3071 ,

180 3088 339 3150 Tartareus
358 3088 556 3168 Phlegethon,
577 3100 754 3174 torquetque
775 3094 907 3154 sonantia
927 3109 1007 3153 saxa.

179 3177 266 3251 porta
284 3172 404 3234 adverso
422 3175 539 3252 ingens,
561 3176 712 3256 solidoque
733 3177 886 3238 adamante
908 3174 1080 3256 columnae,

180 3255 223 3315 vis
243 3255 375 3318 utnulla
396 3258 505 3329 airum,
527 3277 588 3320 non
608 3260 667 3338 ipsi
688 3260 844 3321 excindere
864 3257 942 3320 bello

181 3337 336 3400 caelicolae
356 3338 483 3410 valeant:
503 3348 558 3402 stat
581 3341 679 3403 ferrea
696 3343 788 3403 turris
808 3343 845 3404 ad
866 3360 970 3412 auras,

181 3420 397 3504 Tisiphoneque
417 3423 538 3496 sedens,
559 3425 636 3503 palla
656 3427 804 3487 succincte
825 3436 964 3496 cruenta,

181 3504 354 3570 vestibulum
377 3508 523 3570 exsomnis
544 3516 640 3571 servat
661 3518 822 3591 noctesque
841 3511 970 3592 diesque.
