2512 4096
450 272 593 330 venetur
613 280 738 329 innnrs
755 280 804 330 vu
1068 266 1130 328 229

123 436 173 497 sed
186 443 215 496 tc
235 437 309 496 ricta
328 437 385 496 situ
404 438 523 515 verique
547 435 631 497 elicta
652 442 796 504 senectus,
1084 439 1132 491 tao

122 525 262 588 emater,
284 520 363 580 curis
385 519 563 598 nequiquam
585 524 703 580 exercet
725 524 754 580 et
774 535 854 580 arma

123 621 226 680 regum
243 603 320 663 inter
340 602 412 671 [alsa
434 608 528 662 vatem
548 601 703 662 tormidine
724 601 805 662 ludit.

122 704 194 747 cura
215 684 266 746 tibi
286 685 381 746 dirum
399 685 510 762 eiilgies
533 692 561 744 et
582 682 690 763 templa
709 686 801 746 tueri:

122 768 202 834 bella
219 769 274 829 viri
291 787 453 847 pacemque
472 776 582 846 gerent,
607 768 670 845 quis
688 767 764 829 bella
782 768 928 846 gerenda!

163 851 282 913 Talibus
296 851 406 913 Allecto
429 851 512 912 dictis
534 851 641 912 exarsit
659 852 689 913 in
706 854 774 922 iras,

122 945 151 998 at
168 937 266 996 iuveni
287 936 381 996 oranti
402 933 515 996 subitus
536 943 648 995 tremor
670 942 795 1014 occupat
814 942 903 1004 artus,

122 1019 277 1098 deriguere
300 1017 392 1079 oculi:
415 1025 458 1077 tot
483 1019 579 1096 erinys
600 1016 697 1080 sibilat
718 1018 817 1097 hydris

123 1109 260 1179 tantaque
282 1120 314 1162 se
336 1101 424 1163 iacies
446 1103 553 1178 aperit;
575 1106 637 1160 tum
657 1103 791 1163 flammea
812 1109 953 1177 torquens

122 1185 231 1245 lumina
254 1191 438 1246 cunctantem
456 1191 485 1244 et
504 1192 692 1262 quaerentem
715 1185 814 1246 dicere
835 1184 920 1262 plura

122 1266 251 1346 reppulit
273 1276 302 1328 et
323 1268 454 1345 geminos
476 1269 568 1328 erexit
589 1267 720 1330 crinibus
742 1269 844 1345 anguis
915 1310 918 1315 -

122 1350 304 1429 verberaque
324 1351 452 1410 insonuit
470 1349 631 1429 rabidoque
653 1352 726 1412 haec
747 1351 856 1412 addidit
879 1369 945 1411 ere:

121 1439 176 1494 ‘en
196 1451 251 1512 ego
269 1434 344 1494 ricta
364 1434 430 1501 situ,
454 1451 541 1511 quam
562 1439 623 1498 reri
645 1436 730 1496 effeta
752 1442 887 1496 senectus

122 1535 204 1578 arma
224 1519 299 1578 inter
322 1534 425 1595 regum
448 1515 518 1577 falsa
540 1517 695 1581 formidine
714 1518 795 1579 ludit.

121 1601 235 1678 respice
253 1600 290 1661 ad
309 1600 396 1661 haec:
423 1600 525 1660 adsum
547 1602 676 1664 dirarum
698 1601 735 1662 ah
758 1601 827 1663 sede
847 1619 991 1669 sororum,

121 1681 197 1744 bella
225 1701 313 1745 manu
330 1681 480 1762 letumque
502 1688 592 1760 gere!

121 1769 163 1828 sic
186 1766 270 1828 etlata
293 1767 386 1828 iaccm
407 1768 504 1828 iuveni
527 1770 651 1831 coniecit
671 1776 700 1829 et
721 1776 783 1830 atre

121 1852 230 1911 rumine
252 1850 389 1912 fumantis
412 1851 473 1912 lixit
495 1852 548 1914 sub
572 1859 692 1932 pectore
716 1851 823 1912 taedas.

121 1933 170 1994 olli
192 1951 327 1995 somnum
348 1936 453 2012 ingens
472 1937 584 2015 rumpit
603 1951 703 2014 paror,
726 1951 850 2011 ossaque
873 1942 901 1993 et
922 1941 1003 1993 artus

72 2032 75 2039 ·
121 2016 269 2096 perfundit
290 2023 350 2077 tcto
372 2024 534 2095 proruptus
556 2034 683 2097 corpore
700 2016 799 2077 sudor.

121 2117 202 2160 arma
224 2092 453 2168 amens'iremit,
477 2119 559 2161 arma
580 2108 646 2160 toro
668 2101 810 2177 tectisque
830 2099 965 2174 requirit:

121 2183 210 2242 saevit
228 2199 312 2242 amor
332 2182 403 2242 ierri
425 2189 454 2242 et
475 2183 616 2245 scelerata
638 2182 748 2242 insania
771 2179 848 2250 belli,

121 2268 164 2326 ira
187 2282 290 2342 super:
313 2282 419 2342 magne
441 2264 528 2327 veluti
551 2285 617 2326 cum
639 2265 756 2325 flamma
774 2281 881 2325 sonore

121 2350 219 2427 virgea
240 2349 406 2424 suggeritur
430 2350 519 2410 costis
538 2348 673 2410 undantis
695 2348 758 2408 alni

122 2432 311 2510 exultantque
331 2439 413 2492 aestu
434 2430 542 2503 latices,
565 2431 635 2492 furit
656 2431 732 2492 intus
754 2434 841 2510 aquai

122 2515 250 2576 lumidus
271 2521 358 2594 atque
380 2513 438 2576 alte
459 2517 570 2594 spumis
597 2514 738 2575 exuberat
760 2516 862 2582 amnis,

122 2617 177 2659 nec
195 2599 252 2659 iam
276 2616 307 2659 se
326 2600 402 2677 cepit
423 2600 510 2669 unda,
532 2598 609 2659 volat
630 2615 719 2676 vapor
741 2605 803 2660 ater
826 2599 862 2659 ad
885 2614 979 2658 auras.

121 2699 192 2758 ergo
207 2683 270 2754 iter
293 2682 330 2742 ad
350 2699 452 2759 regem
474 2681 584 2761 polluta
603 2701 677 2760 pace
699 2681 833 2742 Latinum

120 2765 219 2826 indicit
240 2767 344 2843 primis
363 2768 500 2827 iuvenum
521 2775 549 2826 et
571 2765 653 2827 iubet
674 2783 755 2826 arma
775 2769 883 2845 parari,

121 2849 208 2908 tutari
229 2847 346 2917 ltaliam,
366 2850 523 2910 detrudere
544 2849 650 2910 finibus
671 2849 801 2909 hostem:

121 2949 152 2990 se
171 2933 239 2990 satis
258 2930 401 2991 ambobus
422 2931 603 3008 Teucrisque
621 2932 721 2993 ventre
741 2930 939 3011 Latlnisque.‘

123 3013 195 3074 haec
213 3012 264 3072 ubi
285 3013 359 3073 dicta
382 3013 462 3074 dedit
482 3014 621 3092 divosque
639 3017 668 3074 in
687 3021 753 3074 vota
773 3017 892 3084 vocavit,

122 3097 254 3157 certatim
276 3113 340 3157 sese
363 3095 461 3157 Rutuli
484 3095 675 3157 exhortantur
696 3097 726 3156 in
747 3115 844 3157 arma:

122 3178 200 3240 bunc
220 3178 310 3240 decus
331 3181 482 3257 egregium
504 3179 617 3240 formae
635 3188 731 3240 movet
754 3188 841 3260 atque
865 3183 1006 3249 iuventae,

122 3262 200 3323 hunc
221 3264 296 3323 atavi
314 3281 408 3341 reges,
428 3263 507 3323 hunc
526 3261 610 3323 claris
631 3262 750 3325 dextera
771 3264 862 3325 iactis.

163 3345 238 3406 Ilum
259 3345 377 3407 Turnus
394 3345 518 3408 Rutulos
540 3347 644 3408 animis
666 3347 824 3409 audacibus
846 3348 956 3428 implet,

121 3428 232 3490 Allecto
253 3431 283 3490 in
303 3428 434 3490 Teucros
455 3431 561 3509 Stygiis
581 3447 613 3492 se
634 3433 761 3492 concitet
781 3430 844 3493 alls.

122 3520 184 3574 arte
202 3529 276 3573 nova
298 3511 445 3590 speculata
467 3511 575 3583 locum,
599 3531 657 3592 quc
679 3514 764 3576 litore
785 3513 909 3594 pulcher
