2512 4096
364 302 507 351 vnuouu
530 301 731 350 ouonovcou
753 302 808 349 1111
1092 289 1131 348 75

122 474 248 520 munere
270 474 414 535 quamque
435 474 498 517 suo.
542 455 712 534 grandaevis
734 455 840 533 oppida
863 472 950 515 curae

123 552 154 604 et
173 537 392 602 munire'lavos
415 546 443 599 et
465 538 584 599 daedala
606 539 716 614 fingere
737 545 822 598 tecta.

123 633 153 686 at
174 624 268 686 fessae
289 622 380 683 multa
402 622 534 683 referunt
554 640 586 682 se
607 629 694 682 nocte
715 622 853 690 minores,
1083 630 1132 683 18⁰

122 724 211 770 crura
234 706 333 786 thymo
354 704 472 784 plenae:
494 713 654 783 pascuntur
678 712 706 765 ct
727 703 830 764 arbuta
852 703 959 781 passim

112 790 153 853 'et
173 789 293 868 glaucas
314 788 416 849 salices
439 789 603 867 casiamque
626 805 803 865 crocumque
825 787 978 847 rubentem

123 880 154 935 et
173 873 312 951 pinguem
333 871 423 931 tiliam
446 880 474 932 et
495 871 678 947 ferrugineos
700 870 879 950 hyacinthos.

123 956 259 1018 omnibus
280 972 339 1016 una
361 956 442 1033 quies
465 972 601 1032 operum,
624 952 707 1015 labor
729 952 863 1013 omnibus
885 971 976 1014 unus:

122 1058 210 1102 mane
231 1045 321 1099 ruunt
342 1039 448 1116 portis:
470 1056 616 1117 nusquam
637 1056 734 1106 mora;
757 1055 860 1098 rursus
882 1038 999 1098 easdem
1084 1045 1132 1101 185

122 1139 228 1201 vesper
250 1121 300 1182 ubi
323 1141 339 1182 e
360 1128 445 1200 pastu
466 1121 584 1182 tandem
606 1121 749 1182 decedere
771 1122 882 1199 campis

115 1206 287 1274 admonuit,
309 1212 371 1265 tum
392 1211 467 1271 tecta
489 1211 604 1283 petunt,
626 1211 688 1264 tum
710 1222 835 1282 corpora
857 1211 973 1267 curant:

121 1290 156 1350 ot
177 1289 289 1349 sonitus
311 1295 500 1365 mussantque
522 1305 590 1347 oras
612 1295 641 1348 et
661 1288 758 1348 limina
782 1288 901 1347 circum.

121 1379 190 1438 post
211 1371 262 1431 ubi
285 1371 342 1431 iam
364 1369 498 1430 thalamis
519 1388 551 1431 se
574 1388 782 1448 composuere,
805 1368 906 1429 siletur

122 1474 153 1517 rn
175 1461 306 1523 noctem,
329 1453 480 1531 fessosque
501 1471 591 1532 sopor
612 1471 683 1514 suus
704 1459 828 1530 occupat
849 1460 938 1512 artus.
1082 1460 1132 1516 190

122 1557 179 1600 nec
200 1556 269 1598 vero
292 1555 308 1597 a
331 1536 452 1598 stabrdis
473 1535 570 1615 pluvia
591 1536 768 1614 inpendente
788 1535 930 1596 recedunt

121 1619 252 1699 longius,
276 1627 325 1680 aut
347 1620 472 1680 credunt
493 1619 573 1680 caelo
595 1619 815 1680 adventantibus
837 1621 928 1688 euris3

121 1705 175 1766 sed
198 1705 308 1764 circum
329 1710 409 1764 tutae
431 1702 485 1764 sub
507 1702 661 1763 moenibus
682 1701 764 1763 urbis
786 1709 939 1782 aquantur,

122 1804 323 1865 excursusque
345 1786 442 1847 brevis
462 1794 619 1865 temptant,
643 1794 672 1847 et
692 1803 779 1863 saepe
800 1785 920 1865 lapillos,

113 1876 156 1953 ¹ut
177 1869 301 1930 cumbae
321 1870 469 1930 instabiles
490 1871 581 1931 fluctu
602 1871 726 1931 iactante
748 1868 911 1938 saburram,

121 1951 242 2022 tollunt,
264 1953 309 2012 his
330 1971 394 2013 sese
415 1972 469 2032 per
490 1954 586 2013 inania
607 1953 706 2014 nubila
727 1951 842 2011 librant.

122 2035 205 2096 illum
227 2035 298 2096 adeo
320 2034 463 2114 placuisse
486 2036 589 2114 apibus
610 2035 756 2095 mirabere
777 2052 899 2102 morem,

122 2118 203 2198 quod
224 2137 319 2197 neque
342 2119 498 2179 concubitu
519 2117 684 2194 indulgent,
707 2134 762 2176 uec
784 2133 908 2193 corpora
930 2132 1034 2192 segnes

121 2204 152 2263 in
175 2200 318 2261 Venerem
341 2201 456 2260 solvunt
477 2208 526 2260 aut
548 2202 623 2261 letus
642 2198 759 2258 nixibus
781 2198 885 2266 edunt;
1200 2270 1203 2274 ι

121 2303 224 2346 verum
247 2285 327 2360 ipsae
349 2301 365 2342 e
388 2282 462 2342 loliis
483 2289 581 2350 natos,
605 2301 621 2342 ε
645 2281 781 2341 suavibus
802 2280 902 2341 herbis
1079 2291 1131 2345 200

121 2386 174 2429 ore
196 2367 315 2443 legunt,
336 2367 416 2442 ipsae
438 2383 538 2444 regem
560 2382 722 2443 parvosque
744 2363 869 2433 Quirites

121 2451 285 2518 sufficiunt,
309 2447 448 2527 aulasque
470 2456 498 2508 et
520 2466 605 2509 cerea
626 2466 717 2526 regua
739 2448 873 2524 refigunt.

120 2535 228 2611 *saepe
250 2532 336 2594 etiam
359 2532 438 2592 duris
461 2533 589 2592 errando
608 2532 637 2591 in
660 2531 774 2592 cotibus
795 2530 854 2591 alas

121 2620 277 2686 attrivere,
312 2615 447 2694 ultroque
469 2617 594 2676 animam
616 2615 670 2676 sub
693 2616 772 2676 lasce
794 2615 915 2677 dedere:

121 2709 220 2761 tantus
249 2719 331 2761 amor
357 2701 464 2762 florum
491 2708 520 2759 et
541 2699 699 2777 generandi
721 2697 812 2775 gloria
833 2698 953 2761 mellis*
1078 2707 1129 2759 205

123 2799 194 2859 ergo
216 2781 294 2860 ipsas
316 2784 445 2861 quamvis
467 2784 582 2859 angusti
602 2785 744 2842 terminus
766 2783 827 2843 aevi

122 2864 246 2942 excipiat
267 2865 371 2944 (neque
393 2867 469 2924 enim
491 2866 557 2943 plus
579 2867 700 2942 septima
722 2865 837 2926 ducitur
859 2866 978 2943 aestas),

122 2954 153 3007 at
174 2965 265 3024 genus
286 2947 449 3008 immortale
471 2958 583 3016 manet,
606 2948 770 3024 multosque
793 2965 845 3024 per
867 2965 958 3006 annos

122 3035 180 3088 stat
201 3030 315 3090 fortuna
338 3031 457 3100 domus,
481 3038 509 3090 et
530 3032 574 3090 avi
595 3037 787 3090 numerantur
809 3048 939 3090 avorum.

121 3120 274 3190 praeterea
296 3133 395 3192 regem
416 3132 475 3174 non
498 3115 539 3174 sic
561 3115 705 3192 Aegyptos
728 3120 756 3173 et
777 3113 879 3188 ingens
1078 3123 1128 3174 tto

122 3195 211 3274 Lydia
233 3214 288 3256 nee
308 3198 408 3277 populi
430 3198 605 3259 Parthorum
626 3204 676 3257 aut
696 3196 797 3257 lledus
818 3196 968 3275 Hydaspes

122 3277 287 3339 observant.
331 3299 401 3359 rege
423 3283 560 3342 incolumi
581 3299 664 3342 mens
686 3281 820 3341 omnibus
842 3293 899 3341 una
922 3285 983 3347 est;

122 3361 231 3422 amisso
252 3379 359 3439 rupere
379 3364 480 3435 fldem,
504 3373 728 3443 constructaque
749 3361 834 3425 mella

121 3445 271 3523 diripuere
292 3445 371 3523 ipsae
393 3456 421 3508 et
442 3458 536 3509 crates
558 3449 671 3511 solvere
692 3448 834 3508 favorum.

121 3528 168 3591 ille
190 3546 314 3608 operum
336 3537 447 3603 custos,
470 3531 550 3593 illum
572 3533 753 3593 admirantur
775 3540 804 3592 et
825 3549 926 3592 omnes
1078 3538 1130 3590 tto
1244 3519 1247 3525 ’
