2504 4094
171 266 234 328 ‘266
502 272 786 321 resarciturum
806 274 839 320 rr

171 432 326 493 amborum
348 439 377 491 et
398 429 507 491 vultum
526 429 655 489 lacrimis
677 437 765 508 atque
787 446 838 487 ora
861 423 997 505 rigabat)

171 525 262 594 ‘quae
282 513 373 587 vobis,
397 531 472 592 quae
495 513 590 589 digna,
613 514 676 582 viri,
698 530 753 591 pro
775 511 909 572 laudibus
931 509 997 568 istis

170 599 300 678 praemia
322 615 408 677 pesse
430 615 497 658 rear
519 595 613 656 solvil
635 594 834 674 pulcherrima
858 595 981 674 primum

170 684 202 743 di
220 700 377 761 moresque
400 681 512 741 dalmat
532 680 636 748 vestri;
660 691 722 740 tum
742 692 841 739 cetera
863 679 966 739 reddet

171 773 301 827 actutum
324 765 391 843 pius
413 767 528 826 Aeneas
550 771 637 841 atque
657 764 771 841 integer
794 764 856 824 aevi

170 851 320 918 ascanius,
340 850 437 909 meriti
460 849 530 908 tanti
550 865 610 906 nau
632 865 777 908 inmemor
799 846 957 924 umquam!

171 935 276 993 ‘immo
301 949 355 1009 ego
374 952 434 1001 vos,
458 934 506 992 cui
525 931 586 991 sola
606 929 684 991 salus
705 932 838 1008 genitore
859 928 993 991 reducto'

171 1018 278 1095 excipit
299 1018 449 1083 Ascanius,
475 1024 544 1091 ‘per
564 1031 696 1090 magnos,
719 1014 797 1081 Nise,
820 1014 935 1093 penatis

170 1103 364 1178 Assaracique
386 1099 479 1160 larem
501 1109 530 1159 et
552 1116 641 1158 canae
664 1097 825 1174 penetralia
848 1097 950 1157 Vestae

172 1185 319 1252 obtectam
342 1201 545 1263 quaecumque
567 1182 639 1241 mihi
660 1182 777 1242 fortuna
796 1182 926 1259 fidesque
944 1191 996 1249 est,

171 1271 202 1328 iu
222 1269 326 1328 vestris
346 1285 424 1344 pono
448 1267 582 1344 gremiis:
605 1274 742 1326 revocata
762 1272 924 1343 parentem,

172 1352 284 1411 reddite
303 1360 510 1428 conspectum
532 1348 605 1410 nihil
627 1348 677 1409 illo
698 1351 782 1410 triste
804 1358 935 1427 recepto.

170 1435 239 1495 bina
259 1433 334 1494 dabo
354 1444 477 1510 argento
498 1434 630 1512 perlecta
651 1441 738 1511 atque
760 1451 864 1510 aspera
886 1433 975 1510 signis

172 1517 286 1597 pocula,
311 1518 422 1576 devicta
444 1521 560 1593 genitor
582 1536 658 1595 quae
680 1518 757 1595 cepit
777 1517 891 1585 Arisba,

172 1614 201 1662 et
219 1601 351 1678 tripodas
372 1601 512 1677 geminos,
536 1601 600 1660 auri
624 1600 681 1660 duo
703 1618 809 1678 magna
829 1600 943 1669 talenta,

171 1695 285 1745 cratera
303 1685 440 1753 anticum,
464 1701 551 1761 quem
574 1684 623 1743 dat
645 1683 764 1744 Sidonia
782 1685 864 1744 Dido.

171 1771 196 1829 si
217 1786 286 1828 vera
313 1785 419 1846 capere
439 1766 551 1827 ltaliam
571 1768 754 1844 sceptrisque
776 1769 863 1844 potiri

171 1852 326 1928 contigerit
347 1854 451 1912 victori
472 1860 501 1910 ct
521 1850 649 1928 praedae
671 1850 769 1911 dicere
791 1859 911 1917 sortem,

172 1936 265 1996 vidisti
287 1952 345 2012 quo
369 1936 487 1996 Turnus
509 1952 594 2011 equo,
617 1933 723 2013 quibus
745 1934 806 1995 ibat
827 1937 857 1994 iu
880 1936 968 1994 armis

170 2038 292 2081 aureus:
315 2022 413 2098 ipsum
431 2019 521 2090 illum,
545 2019 672 2097 clipeum
690 2020 851 2098 cristasque
869 2018 1003 2079 rubentis

171 2105 313 2170 excipiam
335 2105 417 2173 sorti,
440 2105 497 2164 iam
519 2122 598 2164 nuuc
620 2111 669 2163 tua
692 2102 831 2181 praemia,
854 2102 932 2163 Nise.

172 2186 388 2265 praetereatis
409 2205 462 2247 sex
483 2190 599 2263 genitor
619 2186 774 2248 lectissima
793 2195 920 2246 matrum

170 2289 296 2349 corpora
320 2271 507 2350 captivosque
526 2271 605 2331 dabit
621 2289 732 2349 suaque
754 2271 890 2331 omuibus
911 2286 1003 2338 arma,

174 2356 294 2431 insuper
315 2353 360 2414 his
382 2357 477 2431 campi
499 2353 578 2432 quod
599 2372 652 2414 rex
675 2355 764 2416 habet
785 2357 849 2434 ipse
869 2354 995 2415 Latinus.

169 2447 199 2496 te
220 2455 299 2506 vero,
320 2455 385 2498 mea
403 2456 490 2516 quem
511 2438 611 2516 spatiis
633 2439 822 2516 propioribus
841 2448 920 2499 aetas

170 2522 343 2599 insequitur,
367 2521 531 2581 venerande
549 2539 634 2599 puer,
656 2523 714 2582 iam
736 2530 856 2602 pectora
877 2531 937 2581 toto

170 2604 282 2683 accipio
305 2613 333 2664 et
354 2606 488 2664 camitem
511 2622 596 2666 casus
619 2605 798 2684 complector
819 2607 851 2666 in‘
873 2605 976 2665 omnis.

171 2686 250 2748 nulla
269 2689 342 2748 meis
361 2689 423 2747 siue
445 2696 474 2748 te
496 2699 654 2766 quaeretur
676 2689 768 2768 gloria
792 2688 898 2756 rabum

171 2789 224 2832 seu
246 2789 350 2847 pacem
372 2788 424 2831 seu
447 2771 525 2833 bella
548 2791 658 2851 geram,
680 2773 733 2834 tibi
755 2774 881 2847 maxima
899 2789 1000 2831 rerum

172 2853 388 2933 verborumque
409 2855 501 2917 ades?
534 2865 636 2918 cantra
658 2875 746 2937 quem
767 2854 834 2916 talia
852 2855 930 2916 latur

172 2937 329 3016 Euryalus:
354 2946 415 2998 ‘me
435 2939 515 3000 nulla
535 2942 597 3001 dies
616 2952 676 3002 tam
694 2938 819 3001 fortibus
840 2941 917 3001 ausis

173 3020 341 3081 dissimilem
360 3025 505 3098 arguerim
528 3035 654 3086 tantum:
676 3023 792 3084 lartum
815 3024 942 3086 secunda

171 3113 220 3163 aut
243 3104 364 3166 adversa
386 3106 477 3167 cadat.
512 3110 563 3170 sed
586 3117 615 3170 te
635 3126 725 3186 super
747 3110 844 3169 omnia
861 3109 938 3167 dana

172 3205 263 3247 uuum
283 3206 352 3249 oro:
374 3193 504 3266 genetrix
527 3192 635 3253 Priami
653 3192 689 3251 de
707 3202 795 3269 gente
816 3199 928 3251 vetusta

172 3280 216 3331 cst
237 3272 318 3342 milri,
342 3292 429 3351 quam
448 3277 585 3336 miseram
607 3275 701 3334 tenuit
718 3292 777 3334 non
799 3273 853 3335 llia
872 3272 958 3334 tellus
1134 3281 1186 3333 ’rsa

172 3373 289 3416 mecum
311 3357 508 3428 excedentem,
531 3377 590 3418 ucri
613 3358 729 3418 mceuia
748 3357 827 3433 regis
843 3360 974 3418 Acestae.
1045 3429 1047 3433 ¹

173 3438 248 3499 hauc
267 3455 321 3515 ega
341 3458 420 3501 nuuc
437 3443 570 3519 ignaram
590 3441 678 3501 huius
700 3442 907 3519 quodcumque
931 3438 1034 3520 pericli
1059 3452 1104 3501 set

173 3540 262 3602 utque
283 3523 435 3585 salutatam
457 3524 578 3604 linquo:
601 3541 660 3584 nor
683 3536 712 3585 et
732 3532 783 3587 tua
806 3528 887 3586 testis
