2512 4096
184 241 225 306 96
523 249 667 298 veiculis!
688 249 814 299 nuruis
838 252 851 298 1

183 410 300 472 taurino
322 416 464 486 quantum
486 413 606 485 possent
626 405 811 467 circumdare
833 405 932 488 tergo]

184 493 235 556 sed
254 509 307 552 vos
327 493 377 570 qui
399 492 519 554 tandem
541 490 648 569 quibus
670 497 720 551 aut
741 492 858 551 venistis
881 490 919 551 ab
938 493 1012 563 oris,

185 594 279 657 quove
300 577 406 636 tenetis
425 575 512 637 iterl'
536 575 688 655 quaerenti
710 572 817 635 talibus
838 574 886 637 ille
1153 591 1204 648 370

184 661 335 738 suspirans
355 660 474 740 imoque
496 660 618 721 trahens
636 675 653 717 a
674 667 796 738 pectore
817 677 936 720 vocem:

228 742 270 805 ⁶0
292 744 363 814 dea,
386 747 411 805 si
430 746 525 823 prima
547 752 686 821 repetens
707 742 743 803 ab
766 744 881 820 origine
895 761 1034 825 pergam,

185 837 214 890 et
234 835 317 890 vacet
339 827 450 890 annalis
468 835 640 889 nostrorum
661 827 764 888 audire
786 827 937 907 laborum,

186 920 253 974 ante
276 912 352 974 dem
378 911 478 974 clauso
500 917 658 990 componet
674 910 786 989 Vesper
806 911 939 991 Olympo.

187 1012 239 1057 nos
260 997 349 1056 Troia
371 999 505 1075 antiqua,
529 997 553 1055 si
572 1001 684 1056 vestras
705 994 781 1055 forte
798 1012 853 1073 per
873 999 953 1058 auris
1152 1009 1203 1066 375

184 1080 291 1142 Troiae
309 1098 418 1142 nomen
439 1081 485 1150 iit,
509 1079 623 1141 diversa
644 1096 698 1157 per
719 1097 848 1158 aequora
870 1089 970 1143 vectos

185 1165 262 1226 iorte
283 1183 336 1226 sua
354 1164 469 1244 Libycis
490 1170 649 1241 tempestas
670 1163 781 1242 adpulit
803 1165 872 1225 oris.

184 1269 250 1312 sum
271 1251 338 1328 pius
358 1251 487 1320 Aeneas,
509 1255 611 1327 raptos
631 1250 681 1326 qul
700 1267 735 1308 ex
753 1248 837 1309 hoste
858 1256 979 1326 penates

186 1333 280 1396 classe
302 1334 376 1395 vebo
397 1351 528 1402 mecum,
550 1332 628 1393 lama
651 1350 740 1411 super
758 1333 876 1393 aethera
893 1342 990 1396 notus.

185 1417 297 1480 ltaliam
320 1435 431 1496 quaero
453 1419 576 1496 patriam
600 1424 631 1478 et
652 1434 745 1494 genus
769 1416 806 1478 ab
824 1417 892 1477 lore
913 1436 1038 1480 summo.
1153 1431 1204 1486 seo

185 1503 231 1564 bis
253 1503 337 1564 denis
354 1501 516 1581 Phrygium
535 1500 694 1562 conscendi
714 1501 838 1561 navibus
858 1520 970 1581 aequor

186 1593 281 1648 matre
303 1587 358 1647 dea
379 1591 561 1647 monstrante
581 1587 658 1646 mam
681 1584 748 1646 data
767 1585 825 1646 lata
846 1595 979 1655 secutus;

185 1673 232 1733 vix
254 1679 367 1750 septem
391 1669 545 1730 convolsae
566 1669 653 1729 undis
676 1686 808 1748 euroque
829 1681 997 1748 supersunt

186 1759 248 1833 ipse
270 1757 387 1835 ignotus
408 1771 498 1832 egens
517 1752 625 1832 Libyae
646 1753 760 1813 deserta
779 1771 920 1832 peragro,

186 1840 304 1920 Europa
320 1847 407 1918 atque
427 1838 494 1899 Asia
516 1835 642 1915 pulsus!
685 1855 741 1898 nec
762 1837 848 1916 plura
868 1845 1039 1917 querentem
1153 1850 1203 1907 385

186 1943 271 2004 passa
292 1924 391 1986 Venus
413 1922 509 1984 medio
527 1923 570 1982 sic
585 1921 720 1982 interfata
744 1922 846 1984 dolore
868 1930 926 1983 est:

230 2009 382 2089 ‘Quisquis
403 2025 448 2077 es,
470 2007 557 2076 haut,
581 2005 685 2075 credo,
708 2009 818 2069 invisus
835 2005 1011 2068 caelestibus
1032 2024 1119 2069 auras

186 2094 279 2156 vitalis
302 2095 416 2172 carpis,
436 2090 554 2172 Tyriam
576 2092 626 2170 qul
644 2090 798 2154 adveneris
818 2091 935 2153 urbem.

95 2232 97 2239 .
186 2192 279 2258 perge
298 2176 403 2247 modo,
427 2183 516 2255 atque
534 2176 605 2237 binc
625 2181 656 2236 te
677 2178 798 2254 reginae
819 2176 856 2237 ad
877 2174 977 2236 bmina
1000 2176 1110 2254 perfer.

185 2279 314 2340 namque
331 2261 384 2322 tibi
402 2261 527 2323 reduces
545 2261 640 2322 socios
662 2262 843 2340 classemque
868 2258 991 2321 relatam
1020 2325 1022 2330 ,
1153 2273 1203 2328 390

186 2347 290 2408 nuntio
312 2352 342 2406 et
362 2346 392 2404 in
411 2351 506 2406 tutum
524 2346 616 2406 versis
638 2344 825 2424 aquilonibus
847 2352 956 2413 actam,

186 2431 217 2490 ni
239 2429 349 2490 frustra
370 2429 526 2504 augurium
546 2428 612 2488 vani
634 2427 764 2489 docuere
784 2436 932 2510 parentes.

187 2514 285 2592 aspice
306 2511 352 2573 bis
373 2528 460 2571 senos
482 2510 616 2572 laetantis
635 2513 752 2589 agmine
775 2529 895 2591 cycnos,

186 2597 317 2660 aetheria
340 2610 414 2675 quos
435 2593 517 2671 lapsa
539 2592 623 2672 plaga
646 2595 720 2656 lovis
739 2594 800 2656 ales
821 2602 923 2674 aperto

186 2681 327 2743 turbabat
346 2680 443 2747 caelo;
462 2695 543 2739 nuno
562 2683 657 2739 terras
679 2679 783 2740 ordine
804 2678 893 2757 longo
1152 2690 1202 2747 395

85 2780 91 2793 '
188 2772 237 2826 aut
256 2782 363 2843 capere
383 2770 433 2824 aut
455 2778 559 2839 capsos
580 2763 638 2822 iam
656 2770 825 2841 respectare
846 2763 997 2826 videntur:

188 2857 220 2910 ut
241 2848 367 2910 reduces
385 2848 426 2908 illi
445 2846 550 2907 ludunt
568 2846 759 2910 stridentibus
779 2847 832 2909 alrs

188 2940 217 2995 et
239 2939 326 2994 coetu
346 2932 464 2993 cinxere
486 2929 588 3010 polum
610 2938 770 3012 cantusque
792 2932 916 3002 dedere,

188 3017 259 3079 baut
280 3015 363 3078 aliter
384 3032 559 3095 puppesque
579 3026 647 3080 tuae
668 3017 822 3097 pubesque
843 3025 962 3078 tuorum

188 3107 239 3162 aut
256 3107 375 3178 portum
392 3106 472 3163 tenet
493 3108 542 3160 aut
563 3102 651 3182 pleno
672 3102 750 3163 subit
772 3104 845 3163 ostia
867 3100 940 3162 velo.
1153 3108 1205 3163 lou

187 3200 279 3263 perge
299 3185 387 3245 modo
413 3192 455 3254 et,
475 3201 533 3262 qua
553 3193 583 3248 te
605 3187 686 3248 ducit
707 3187 767 3256 via,
791 3186 891 3262 derige
914 3183 1074 3261 gressum!

229 3268 320 3338 Dixit,
345 3275 373 3329 et
394 3276 529 3331 avertens
546 3288 631 3332 rosea
653 3270 767 3330 cervice
787 3267 915 3337 refulsit,

188 3351 410 3432 ambrosiaeque
434 3371 535 3415 comae
557 3352 687 3414 divinum
707 3354 817 3413 vertice
834 3351 956 3413 odorem

188 3437 354 3514 spiravere;
377 3437 468 3515 pedes
487 3437 575 3500 vestis
593 3436 714 3499 defluxit
735 3437 772 3497 ad
793 3437 886 3505 imos,

189 3528 217 3580 et
237 3538 306 3582 vera
327 3522 442 3583 incessu
462 3523 555 3602 patuit
573 3522 636 3584 dea.
681 3520 729 3583 ille
749 3519 801 3584 ubi
824 3528 950 3582 matrem
1152 3535 1204 3587 eon
