2504 4094
115 506 119 519 r

120 528 125 547 l

104 672 131 769 <'

477 265 623 316 VERGILI
643 266 769 315 tunnis
786 267 840 316 1111

146 440 202 484 nec
223 439 284 482 non
305 429 333 483 et
352 421 472 501 Rnrygii
493 422 614 483 comites
635 429 664 482 et
681 421 776 482 laetus
796 421 876 482 Iulus

147 506 296 580 incedunt
340 502 403 584 ipse
424 512 495 576 ante,
508 504 580 566 alios
599 504 818 584 pulcherrimus
840 507 945 579 omnis

147 589 236 650 infert
257 606 289 650 se
305 590 417 649 socium
434 588 547 649 deneas
567 596 655 669 atque
678 590 793 666 agmina
814 590 917 666 iungit.

148 670 241 752 qualis
262 671 313 733 ubi
333 671 488 732 hibernam
508 671 627 752 Lyciam
648 671 816 750 Xanthique
836 671 945 734 lluenta

122 756 256 831 ydoserit
276 774 311 817 ac
331 754 436 817 Delum
458 762 622 816 maternam
644 757 739 816 invisit
761 755 864 833 Apollo

102 842 136 937 s

102 1209 136 1293 p.

147 841 347 917 instauratque
370 840 492 908 choros,
514 840 655 918 mixtique
676 840 778 900 altaria
800 840 912 902 circum

147 923 306 1004 Cretesque
323 923 512 1002 Dryopesque
535 922 665 984 tremunt
683 923 812 1002 pictique
825 924 992 1004 Agathyrsm

146 1007 209 1086 ipse
227 1007 303 1084 iugis
325 1005 428 1086 Cynthi
452 1006 601 1084 graditur,
624 1005 763 1087 mollique
783 1005 922 1069 lluentem

146 1090 252 1152 fronde
269 1092 377 1170 premit
397 1091 509 1151 crinem
528 1091 642 1169 fingens
663 1098 750 1168 atque
773 1090 892 1168 inplicat
914 1109 1004 1161 auro,

147 1172 204 1236 tela
226 1181 331 1235 sonant
352 1175 475 1234 umeris:
495 1173 567 1235 haut
585 1174 634 1234 illo
656 1177 774 1250 segnior
796 1175 856 1235 ibat

146 1260 274 1327 Aeneas,
302 1263 415 1317 tantum
438 1259 556 1335 egregio
579 1258 668 1319 decus
690 1259 779 1319 enitet
800 1276 861 1319 ore.

145 1349 302 1421 postquam
321 1339 395 1400 altos
417 1347 535 1401 ventum
556 1342 586 1401 in
608 1343 716 1402 montis
738 1348 825 1420 atque
842 1341 917 1401 invia
938 1339 1044 1410 lustra,

146 1442 217 1486 ecce
237 1425 317 1487 serae
338 1425 400 1484 saxi
422 1423 553 1485 deiectae
574 1426 683 1485 vertice
705 1443 811 1502 caprae

146 1508 308 1571 decurrere
325 1508 415 1586 iugis3
434 1505 490 1567 alia
507 1508 544 1568 de
561 1515 646 1585 parte
667 1510 793 1586 patentis

146 1596 356 1653 transmittunt·
368 1608 457 1652 cursu
479 1608 598 1669 campos
620 1598 708 1670 atque
729 1592 853 1670 agmina·
867 1593 945 1652 oervi

146 1675 349 1754 pulverulenta
369 1675 439 1753 luga
460 1673 625 1751 glomerant
646 1684 819 1754 montesque
841 1674 1018 1754 relinquont.

147 1768 176 1821 at
198 1776 272 1837 puer
294 1759 435 1820 Ascanius
456 1759 559 1820 mediis
580 1762 611 1820 in
633 1759 755 1821 vallibus
777 1761 839 1820 acri

146 1843 255 1920 gaudet
276 1860 366 1922 equo,
389 1844 506 1922 iamque
527 1842 583 1903 bos
601 1862 703 1914 cursu,
726 1844 784 1904 iam
806 1844 947 1921 praeterit
964 1840 1042 1911 illos,

147 1934 391 2005 spumantemque
410 1926 474 1987 dari
495 1944 604 2004 pecora
620 1930 697 1988 inter
715 1929 819 1987 inertia
838 1927 910 1986 votis

148 2017 228 2088 optat
249 2027 355 2090 aprum
375 2017 425 2070 aut
446 2009 555 2071 fulvom
578 2010 759 2070 descendere
781 2016 881 2069 monte
903 2007 1028 2069 leonem.

189 2094 304 2154 Interea
323 2110 430 2170 magno
452 2092 569 2152 misceri
591 2110 744 2152 murmure
766 2090 880 2151 caelum

147 2178 265 2254 incipite
286 2175 451 2253 insequitur
471 2176 627 2235 commixta
650 2175 794 2250 grandine
812 2174 943 2235 nimbus:

148 2270 177 2322 et
195 2260 417 2339 Tyriicomites
439 2259 547 2334 passim
570 2265 598 2318 et
617 2258 744 2318 Troiana
766 2259 899 2319 iuventus

147 2344 369 2421 Dardaniusque
390 2357 482 2418 nepos
503 2340 622 2401 Veneris
642 2341 756 2402 diversa
778 2358 830 2419 per
853 2359 941 2420 agros

146 2435 223 2489 tecta
246 2433 327 2487 metu
345 2425 473 2504 petiere;
496 2432 586 2485 ruunt
608 2425 645 2487 de
667 2425 816 2486 montibus
841 2443 950 2487 amnes.

147 2510 317 2590 speluncam
339 2509 412 2570 llido
434 2509 493 2570 dux
516 2516 545 2569 et
565 2509 711 2571 Troianus
734 2510 857 2571 eandem

148 2595 318 2664 deveniunt,
342 2595 435 2672 prima
458 2600 487 2653 et
506 2591 605 2654 Tellus
630 2601 659 2654 et
677 2592 813 2671 pronuba
835 2593 908 2653 luno

148 2678 218 2740 dant
239 2680 369 2758 signum:
392 2678 502 2739 fulsere
524 2678 607 2755 ignes
628 2686 657 2739 et
679 2679 813 2739 conscius
836 2678 938 2739 aether

149 2763 294 2833 conubiis,
316 2779 490 2840 summoque
516 2761 665 2823 ulularunt
686 2763 795 2824 vertice
817 2761 971 2840 nymphae.

148 2845 196 2908 ille
218 2847 279 2906 dies
300 2846 413 2922 primus
432 2843 483 2904 leti
501 2846 672 2924 primusque
694 2845 840 2905 malorum
882 2923 887 2931 ἡ

148 2945 235 2990 causa
256 2928 318 2989 luit.
348 2945 443 3004 neque
465 2928 542 2986 enim
562 2929 659 3004 specie
678 2928 789 2988 lamave
811 2935 945 2989 movetur

149 3029 204 3071 neo
226 3012 283 3070 iam
302 3009 440 3070 furtivom
459 3008 533 3069 Dido
554 3011 710 3071 meditatur
732 3027 879 3071 amorem:

149 3094 317 3172 coniugium
337 3099 435 3160 vocat,
458 3090 516 3151 hoc
534 3093 678 3168 praetexit
698 3094 818 3153 nomine
841 3092 968 3172 culpam.

191 3176 343 3256 Extemplo
365 3175 474 3256 Libyae
493 3192 613 3254 magnas
634 3177 656 3236 it
678 3177 768 3238 Fama
789 3193 843 3254 per
863 3176 967 3248 urbes,

150 3261 253 3331 Fama,
275 3260 385 3323 malum
407 3278 463 3339 qua
485 3277 546 3319 non
566 3258 644 3322 aliud
666 3260 794 3323 velocius
818 3259 926 3322 ullum:

149 3343 308 3407 mobilitate
329 3345 421 3424 viget,
444 3345 579 3423 viresque
599 3345 726 3424 adquirit
748 3345 859 3414 eundo,
927 3422 928 3427 ἵ

148 3447 236 3509 parra
259 3436 339 3490 metu
361 3428 471 3504 primo,
494 3445 563 3488 mox
583 3445 648 3490 sese
667 3428 771 3490 attollit
791 3429 821 3488 in
843 3445 929 3489 auras

149 3513 370 3593 ingrediturque
392 3509 454 3571 solo
477 3519 506 3572 et
528 3520 615 3590 caput
637 3513 713 3574 inter
734 3511 832 3574 nubila
856 3511 964 3573 condit.
