2512 4096
177 274 236 338 184
522 283 666 334 vunoxm
682 285 806 334 annuis
823 287 844 332 v

172 439 348 519 impediunt,
371 448 531 518 texuntque
549 439 632 516 fugas
654 448 683 501 et
705 439 815 518 proelia
836 439 920 507 ludo,

173 523 343 602 delphinum
363 522 486 593 similes,
509 525 559 603 qui
579 541 634 601 per
652 524 744 585 maria
766 525 864 585 umida
884 523 980 583 nando

174 607 362 686 Carpathium
380 607 579 687 Libycumque
601 617 708 670 secant.
722 633 725 636 ·

173 691 252 754 hunc
271 708 385 752 morem
404 708 508 752 cursus
530 698 617 769 atque
637 692 711 752 haec
732 692 890 752 certamina
912 690 1025 769 primus

173 776 326 845 Ascanius,
349 776 480 852 Longam
501 777 593 836 muris
615 794 681 836 cum
702 776 832 853 cingeret
853 774 971 841 Albam,

174 858 283 923 rettulit
304 866 333 920 et
353 859 470 920 Priscos
491 860 590 920 docuit
612 857 763 920 celebrare
784 859 917 928 Latinos,

175 962 231 1023 quo
251 961 326 1021 puer
346 943 410 1020 ipse
429 943 535 1012 modo,
556 960 656 1004 secum
680 961 738 1020 quo
761 943 850 1003 Troia
867 941 974 1020 pubes:

173 1025 277 1088 hlhani
299 1027 427 1088 docuere
449 1043 533 1096 suos;
556 1026 624 1086 hinc
645 1028 770 1086 maxima
788 1043 879 1103 porro

77 1163 84 1178 .
172 1112 286 1188 accepit
305 1110 399 1172 Roma
421 1117 451 1171 et
472 1111 599 1190 patrium
618 1111 742 1170 servavit
760 1109 919 1176 honorem:

171 1193 320 1270 Troiaque
340 1213 434 1264 nunc,
457 1195 543 1272 pueri
559 1193 718 1254 Troianum
739 1193 844 1254 dicitur
866 1210 979 1271 agmen.

173 1274 242 1353 [hac
256 1275 406 1339 calabram
420 1286 507 1340 tenus
521 1284 623 1338 sancto
646 1278 804 1339 certamina
823 1275 923 1358 patri]

215 1361 289 1421 ilinc
309 1361 437 1439 primum
456 1361 586 1422 Fortuna
605 1360 693 1422 iidem
713 1368 823 1422 mutata
840 1361 963 1421 novavit.

174 1443 244 1503 dum
266 1444 351 1504 variis
372 1444 485 1506 tumulo
508 1445 642 1506 referunt
663 1444 813 1505 sollemnia
834 1443 922 1511 ludis,

173 1525 243 1587 lrim
260 1526 297 1587 de
318 1527 398 1588 caelo
420 1530 497 1588 misit
519 1529 654 1590 Saturnia
673 1528 746 1589 luno

173 1609 290 1670 iliacam
312 1608 348 1670 ad
370 1609 507 1681 classem,
530 1620 689 1690 ventosque
708 1611 837 1689 adspirat
859 1612 952 1680 eunti,

173 1691 263 1753 multa
285 1710 406 1754 movens
426 1694 553 1755 necdum
576 1696 704 1755 anticum
725 1701 854 1755 murrata
876 1693 1017 1755 dolorem.

173 1773 237 1844 illa,
257 1777 331 1836 viam
353 1775 485 1837 celerans
506 1795 560 1854 per
578 1776 657 1837 mille
680 1775 827 1838 coloribus
849 1794 964 1847 arcum,

90 1901 91 1905 ,
174 1857 245 1919 nulli
265 1860 325 1919 visa
346 1860 402 1920 cito
425 1859 555 1920 decurrit
576 1863 692 1922 tramite
712 1861 802 1938 virgo.

174 1943 315 2020 conspicit
334 1943 483 2021 ingentem
506 1961 681 2004 concursum
703 1951 732 2004 et
752 1943 838 2005 litora
859 1942 975 2013 lustrat,

173 2023 364 2104 desertosque
385 2027 463 2089 videt
483 2036 587 2105 portus
608 2027 789 2107 classemque
808 2027 948 2089 relictam.

174 2115 203 2169 at
218 2109 323 2187 procul
343 2111 373 2170 in
393 2111 454 2172 sola
473 2121 605 2173 secretae
625 2111 756 2173 Troades
778 2118 842 2173 acta

174 2195 313 2254 amissum
333 2193 479 2257 Anchisen
501 2195 624 2265 liehant,
648 2204 828 2274 cunctaeque
849 2194 1030 2273 profundum

173 2284 296 2353 pontum
315 2278 504 2355 aspectabant
523 2279 635 2341 ilentes.
679 2280 738 2342 heu
760 2288 803 2340 tot
821 2279 894 2340 vada
916 2277 999 2339 fessis

174 2365 203 2420 et
224 2366 336 2422 tautum
354 2379 509 2440 superesse
533 2365 636 2431 maris,
660 2382 714 2425 vox
733 2363 869 2424 omnihus
888 2380 955 2425 uua.

173 2441 279 2504 urbem
297 2454 397 2515 orant,
419 2446 515 2507 taedet
536 2446 631 2524 pelagi
652 2447 785 2523 perferre
804 2446 946 2507 lahorem.

139 2557 147 2563 ·
174 2544 245 2605 ergo
266 2529 343 2589 inter
365 2529 475 2590 medias
494 2546 559 2590 sese
580 2530 651 2598 haut
672 2531 774 2604 ignara
796 2528 921 2588 nocendi

173 2613 294 2681 conicit,
316 2620 345 2672 et
362 2613 524 2690 faciemque
547 2611 618 2672 deae
639 2618 806 2689 vestemque
827 2613 957 2688 reponit;

174 2692 336 2764 daueros,
357 2695 466 2754 Tmarii
489 2695 614 2754 coniunx
635 2693 775 2771 longaeva
790 2692 920 2773 Dorycli,

166 2760 221 2838 'cui
240 2795 333 2854 genus
354 2785 383 2838 et
405 2777 552 2854 quondam
568 2793 676 2837 nomen
698 2777 816 2856 natique
837 2777 974 2847 fuissent;

172 2878 208 2921 ac
229 2861 271 2920 sic
292 2859 490 2920 Dardanidum
509 2859 635 2921 mediam
657 2876 689 2919 se
708 2860 851 2922 matrihus
870 2862 966 2921 infert.

174 2952 209 3004 ‘o
232 2943 371 3013 miserae,
395 2961 467 3021 quas
487 2961 547 3003 non
569 2941 687 3015 mauus'
707 2945 800 3024 inquit
824 2945 964 3005 ‘Achaica
984 2943 1062 3005 hello

173 3027 292 3087 traxerit
312 3026 349 3088 ad
371 3025 462 3088 letum
481 3028 593 3105 patriae
614 3026 668 3088 suh
686 3028 851 3090 moenibus!
873 3046 890 3086 o
911 3043 984 3104 gens

173 3110 287 3179 infelix,
310 3111 358 3170 cui
378 3118 408 3170 te
429 3111 516 3170 exitio
535 3111 666 3171 Fortuna
686 3112 833 3172 reservati

173 3194 296 3270 septima
316 3201 382 3271 post
405 3193 510 3254 Troiae
533 3195 678 3254 excidium
702 3195 760 3255 iam
782 3195 904 3255 vertitur
926 3202 1035 3266 aestas,

174 3293 241 3337 cum
262 3275 351 3346 freta,
374 3294 442 3337 curn
464 3284 558 3336 terras
577 3278 685 3345 omnis,
708 3283 750 3336 tot
768 3277 912 3353 inhospita
933 3295 1003 3338 saxa

174 3357 328 3436 sideraque
347 3376 483 3420 emensae
500 3359 637 3427 ferimur,
660 3358 729 3419 dum
751 3376 805 3437 per
825 3377 907 3420 mare
929 3379 1069 3441 magnum

667 3529 816 3605 luduntque
831 3549 880 3606 per
895 3533 988 3588 undas.
