2512 4096
151 274 211 335 252
470 246 837 333 vnun1n1unus1su111

150 459 230 520 gens,
252 439 330 502 bello
352 440 514 519 praeclara,
536 441 613 518 iugis
632 439 737 521 insedit
758 438 898 500 Etruscis.
1111 444 1165 497 seo

150 525 226 586 hanc
245 522 352 585 muitos
372 523 526 585 iiorentem
548 540 640 585 minos
661 541 715 583 rex
735 522 840 584 deinde
864 519 992 599 superbo

150 608 272 686 imperio
296 615 325 668 et
343 608 436 669 saevis
456 607 549 668 tenuit
568 605 726 668 Mezentius
747 607 845 666 armis.

150 691 218 769 quid
237 708 400 753 memorem
421 690 554 752 infandas
576 689 689 758 caedes,
713 689 782 768 quid
805 689 880 749 iacta
901 687 1017 765 tyranni

150 774 256 835 eiierai
274 774 304 835 di
325 774 412 852 capiti
433 774 525 853 ipsius
545 773 703 851 generique
720 771 885 834 reservent!

149 865 265 919 mortua
285 857 355 938 quin
378 858 465 919 etiam
486 855 626 935 iungebat
647 873 771 935 corpora
793 855 863 916 rivis
1111 861 1165 912 485

149 958 329 1020 componens
351 939 545 1018 manibusque
565 957 669 1000 manus
690 946 777 1018 atque
798 938 899 1000 oribus
922 955 983 1008 ora,

148 1025 286 1086 tormenti
304 1041 406 1103 genus,
428 1031 457 1085 et
476 1022 556 1085 sanie
578 1021 705 1101 taboque
726 1021 842 1083 fluentis

150 1105 304 1187 complexu
325 1109 355 1168 in
377 1109 485 1169 misero
506 1105 594 1183 longa
616 1106 658 1166 sio
679 1112 775 1167 morte
797 1104 932 1166 necabat.

149 1198 178 1251 at
197 1191 266 1253 iessi
288 1191 407 1253 tandem
429 1192 506 1252 eires
525 1189 643 1250 infanda
665 1189 811 1250 furentem

150 1277 254 1336 armati
274 1275 493 1337 circumsistunt
513 1275 669 1353 ipsumque
689 1274 877 1351 domumque,
1112 1278 1165 1330 suo

150 1357 327 1420 obtruncant
347 1360 452 1428 socios,
472 1358 571 1435 ignem
589 1357 626 1417 ad
642 1355 755 1435 fastigia
776 1359 892 1420 iactant.

150 1439 198 1501 iile
220 1441 296 1503 inter
318 1441 439 1503 caedem
455 1440 631 1503 Rutulorum
652 1440 768 1520 elapsus
790 1441 818 1501 in
838 1456 924 1517 agros

151 1523 311 1602 confugere
333 1533 363 1586 et
384 1525 477 1586 Turni
495 1525 645 1587 defendier
666 1524 789 1604 hospitis
810 1524 909 1584 armis.

151 1625 222 1685 ergo
244 1609 339 1669 omnis
360 1609 442 1670 iuriis
462 1610 589 1670 surrexit
609 1608 725 1670 Etruria
746 1609 846 1670 iustis:

149 1705 250 1766 regem
272 1692 308 1752 ad
331 1690 507 1771 supplicium
527 1693 675 1770 praesenti
695 1691 788 1752 ilarte
806 1697 975 1768 reposcunt.
1112 1697 1166 1749 tet

52 1840 55 1847 ,
149 1773 196 1834 his
218 1782 331 1853 egeto,
352 1777 459 1847 Aenea,
478 1775 631 1837 duetorem
650 1774 767 1836 milibus
784 1774 900 1835 addam.

150 1863 210 1918 toto
233 1875 360 1938 namque
382 1859 511 1921 iremunt
535 1861 700 1922 condensae
717 1857 803 1918 litore
823 1874 938 1936 puppes

149 1942 291 2020 signaque
311 1943 391 2005 ierre
412 1943 527 2014 iuhent;
549 1946 657 2005 retinet
675 1941 834 2020 longaevos
853 1941 1002 2018 haruspex

150 2025 207 2085 iata
229 2043 337 2087 canens
359 2035 402 2088 “o
417 2027 566 2089 Maeoniae
588 2026 700 2089 delecta
719 2026 861 2096 iuventus,

150 2106 205 2169 ilos
226 2116 358 2172 veterum
380 2112 531 2190 virtusque
551 2112 656 2181 vuum,
680 2127 754 2189 quos
775 2111 868 2172 iustus
889 2109 920 2168 iu
942 2108 1059 2170 hostem
1112 2112 1182 2168 500'

149 2190 206 2252 iert
225 2190 309 2254 dolor
329 2201 357 2256 et
377 2196 481 2257 merita
504 2195 638 2258 accendit
656 2193 816 2259 Mezentius
835 2193 888 2263 ira,

150 2273 222 2337 nulii
244 2276 287 2337 ias
307 2277 378 2339 Italo
399 2285 510 2340 tantam
531 2279 710 2359 subiungere
729 2285 864 2354 gentem:

150 2364 287 2421 externos
308 2368 406 2441 optate
425 2361 553 2426 duces'':
576 2371 637 2425 tum
658 2362 781 2422 Etrusca
802 2360 910 2422 resedit

148 2444 206 2504 hoc
227 2444 304 2505 acies
325 2463 438 2523 campo,
461 2447 579 2508 monitis
601 2446 739 2506 exterrita
759 2444 866 2506 divom.

148 2527 211 2604 ipse
233 2535 365 2590 oratores
387 2529 423 2589 ad
446 2548 494 2593 ma
515 2530 659 2608 regnique
677 2545 817 2589 coronam
1111 2534 1166 2586 505

149 2629 216 2671 cum
237 2618 353 2691 sceptro
375 2613 454 2672 misit
475 2613 652 2688 mandatque
676 2611 800 2688 insignia
820 2609 968 2679 Tarchon,
1074 2664 1078 2672 .

149 2695 305 2756 succedam
327 2695 429 2756 castris
449 2694 661 2774 Tyrrhenaque
681 2709 773 2770 regna
790 2710 950 2773 capessam.

148 2778 200 2839 sed
218 2778 290 2838 mihi
306 2778 390 2839 tarda
410 2775 479 2854 gelu
500 2775 662 2854 saeclisque
684 2776 769 2838 effeta
790 2784 925 2838 senectus

148 2861 256 2922 invidet
274 2861 432 2939 imperium
458 2876 601 2941 seraeque
622 2861 659 2921 ad
681 2860 768 2923 fortia
786 2860 872 2922 vires.

148 2950 268 3021 gnatum
287 2944 470 3014 exhortarer,
492 2945 524 3005 ni
542 2945 649 3007 mixtus
671 2951 765 3007 matre
787 2944 901 3007 Sabella
1110 2954 1165 3008 510

124 3028 216 3087 irinc
236 3033 350 3105 partem
368 3029 482 3106 patriae
500 3029 641 3090 traheret.
674 3037 715 3099 tu,
736 3029 820 3091 cuius
841 3037 870 3091 et
890 3030 974 3090 anuis

149 3119 178 3171 et
197 3110 299 3186 generi
320 3109 379 3170 iata
399 3111 559 3191 indulgent,
581 3131 669 3192 quem
690 3113 811 3174 numina
831 3119 964 3190 poscunt,

148 3193 313 3271 ingredere,
337 3212 354 3253 ο
373 3195 520 3259 Teucrum
542 3204 631 3277 atque
651 3195 756 3257 Italum
778 3196 936 3257 fortissime
957 3195 1073 3258 dumos.

148 3278 228 3338 huuc
247 3276 300 3338 tibi
321 3284 483 3357 praeterea,
506 3298 573 3359 spes
595 3287 625 3341 et
645 3279 753 3341 solacia
775 3281 877 3349 nostri,

148 3360 277 3422 Pallanta
297 3361 466 3440 adiungam;
487 3363 541 3424 sub
564 3370 593 3424 te
612 3363 740 3425 tolerare
762 3365 902 3442 magistro
1110 3371 1165 3424 tle

148 3442 279 3505 militiam
299 3453 328 3506 et
349 3462 437 3524 grase
459 3446 559 3507 Martis
581 3464 664 3526 opus,
687 3454 739 3507 tua
760 3465 883 3509 cernere
904 3447 979 3508 iacta

149 3527 300 3591 arisuescat
321 3532 425 3609 primis
446 3537 475 3592 et
495 3536 526 3592 te
546 3532 670 3592 miretur
691 3530 727 3592 ah
748 3533 840 3593 annis.
