2512 4096
381 352 394 374 ὑ
425 289 570 340 vnnorm
593 275 798 341 ononoroon
818 294 846 340 11

133 446 267 508 aesculus
289 448 319 507 in
340 448 460 525 primis,
484 464 558 524 quae
581 453 723 524 quantum
745 449 854 508 vertice
877 449 913 509 ad
936 467 1024 511 auras

131 531 291 599 aetherias,
315 537 428 591 tantum
449 529 549 590 radice
570 529 600 588 in
622 528 744 589 Tartara
766 531 866 591 tendit.

130 632 202 693 ergo
224 631 283 674 non
306 613 418 674 hiemes
440 611 533 681 illam,
558 629 618 671 non
640 610 733 672 ilabra
755 630 852 692 neque
872 614 983 678 imbres

129 696 312 758 convellunt:
336 699 455 756 immota
477 701 591 765 manet,
614 695 781 775 multosque
802 704 933 775 nepotes,

127 780 219 842 multa
242 782 337 840 virum
361 780 479 840 volvens
502 779 635 840 durando
657 779 774 841 saecula
797 782 893 841 vincit.
1089 795 1139 849 295

128 872 191 925 tum
213 864 296 923 sortis
317 861 375 923 late
396 880 496 923 ramos
518 870 547 924 et
567 860 706 922 bracchia
727 863 858 940 pandens

128 947 187 1008 huo
210 945 280 1007 illuc
302 947 398 1006 media
420 947 483 1023 ipsa
504 948 654 1022 ingentem
675 947 800 1007 sustinet
820 946 965 1009 umbram.

171 1029 250 1090 Neve
273 1029 327 1090 tibi
350 1030 385 1090 ad
408 1029 500 1090 solem
521 1036 643 1108 vergant
664 1030 761 1090 vineta
783 1030 946 1101 cadentem,
991 1045 993 1050 ·

126 1129 200 1174 nere
221 1114 298 1173 inter
319 1115 384 1173 ritis
407 1112 538 1192 corylum
561 1130 640 1181 sere,
667 1129 741 1174 neve
763 1112 876 1191 flagella

128 1214 242 1257 summa
265 1202 332 1273 pete
354 1204 404 1257 aut
426 1214 539 1256 summa
562 1195 696 1273 defringe
719 1215 754 1257 ex
776 1197 884 1257 arbore
906 1196 1018 1274 plantas
1089 1211 1141 1264 300

128 1280 236 1359 (tantus
258 1296 341 1339 amor
363 1279 469 1358 terrae)
491 1297 550 1340 neu
573 1280 651 1340 ferro
674 1279 758 1341 laede
780 1286 901 1340 retunso

122 1364 254 1430 semina,
278 1379 352 1423 neve
375 1361 438 1423 olea
460 1362 598 1423 silvestris
619 1364 717 1423 insere
739 1370 877 1423 truncos:

127 1464 195 1506 nam
217 1463 305 1523 saepe
328 1446 452 1507 incautis
472 1445 639 1523 pastoribus
661 1445 767 1506 excidit
789 1447 873 1523 ignis,

127 1531 178 1608 qui
200 1529 301 1590 furtim
323 1531 425 1606 pingui
446 1530 575 1607 primurn
597 1527 651 1588 sub
675 1531 784 1590 cortice
806 1536 901 1590 tectus

126 1612 234 1676 robora
257 1612 454 1691 comprendit,
478 1612 656 1690 frondesque
679 1610 794 1690 elapsus
815 1614 845 1672 in
867 1613 938 1674 altas
1087 1626 1137 1679 305

127 1699 276 1773 ingentem
299 1697 379 1757 caelo
401 1697 529 1756 sonitum
552 1695 737 1764 deditsinde
759 1702 877 1758 secutus

126 1797 179 1842 per
201 1797 299 1840 ramos
320 1781 412 1841 vietor
434 1797 546 1858 perque
568 1778 623 1839 alta
648 1781 797 1840 cacumina
820 1788 934 1856 regnat,

78 1932 84 1941 g
125 1871 154 1924 et
176 1871 269 1924 totum
289 1863 407 1924 involvit
428 1863 552 1924 dammis
574 1880 678 1924 nemus
701 1873 729 1923 et
750 1866 811 1924 ruit
833 1871 924 1923 atram

125 1948 161 2007 ad
185 1947 298 2008 caelum
321 1948 403 2025 picea
426 1964 542 2007 crassus
565 1945 688 2024 ealigine
710 1944 830 2016 nubem,

125 2032 300 2108 praesertim
321 2031 346 2089 si
366 2037 524 2108 tempestas
546 2048 563 2089 a
584 2031 693 2089 vertice
716 2029 793 2088 silvis
1085 2041 1138 2093 310

124 2113 273 2182 incubuit,
297 2111 498 2191 glomeratque
519 2113 618 2172 ferens
639 2111 773 2171 incendia
796 2117 908 2170 ventus.

126 2213 183 2256 noo
203 2195 268 2264 ubi,
292 2212 352 2255 non
373 2214 390 2255 a
411 2197 502 2271 stirpe
524 2193 620 2253 valent
642 2211 801 2270 caesaeque
822 2193 930 2253 reverti

125 2284 249 2356 possunt
270 2284 357 2356 atque
377 2279 436 2338 ima
458 2275 566 2336 similes
587 2276 765 2336 revirescere
787 2283 875 2336 terra.

124 2361 225 2422 infelix
247 2367 367 2439 superat
388 2359 463 2420 loliis
485 2358 611 2420 oleaster
631 2360 748 2419 amaris.

166 2444 228 2506 Neo
249 2443 302 2504 tibi
323 2450 383 2504 tam
404 2443 535 2522 prudens
557 2443 709 2522 quisquam
731 2443 905 2520 persuadeat
927 2453 1029 2506 auctor
1082 2458 1137 2512 31⁵

123 2528 258 2589 tellurem
280 2528 371 2589 borea
392 2526 516 2606 rigidam
538 2528 667 2604 spirante
688 2529 806 2588 moveri.

122 2631 193 2673 rura
215 2611 282 2690 gelu
303 2618 366 2673 tum
389 2611 498 2672 claudit
518 2610 647 2688 hiemps,
670 2628 725 2671 nec
747 2612 857 2672 semina
877 2612 952 2672 iaoto

123 2703 293 2757 concretum
315 2696 424 2772 patitur
445 2695 574 2756 radicem
596 2695 724 2771 adfigere
745 2703 851 2755 terrae.

122 2780 231 2858 optima
252 2779 356 2839 vinetis
376 2779 463 2848 satio,
488 2796 554 2839 curn
576 2796 643 2838 vere
665 2777 783 2838 rubenti

122 2863 245 2924 eandida
266 2863 344 2922 venit
364 2863 423 2922 avis
443 2860 537 2939 longis
557 2862 645 2921 invisa
668 2860 805 2930 colubris,
1080 2872 1133 2927 320

121 2947 217 3025 prima
238 2943 284 3006 rel
306 2946 437 3005 autumni
459 2944 513 3005 suh
536 2945 660 3023 frigora,
685 2958 752 3005 oum
773 2944 893 3022 rapidus
916 2945 965 3006 Sol

121 3030 252 3090 nondum
275 3029 403 3089 hiemem
426 3028 566 3104 contingit
588 3027 685 3104 equis,
708 3027 766 3086 iam
787 3029 926 3104 praeterit
948 3035 1050 3089 aestas.

120 3133 173 3174 rer
195 3112 267 3173 adeo
290 3112 387 3172 frondi
408 3127 562 3172 nemorum
569 3145 580 3179 ,›
601 3127 651 3169 ver
672 3109 742 3171 utile
764 3109 855 3178 silvis;

121 3215 190 3257 vere
211 3203 324 3257 tument
345 3203 443 3256 terrae
466 3201 495 3255 et
515 3192 650 3272 genitalia
672 3193 782 3254 semina
803 3202 936 3271 poscunt.

121 3289 185 3341 tum
206 3286 289 3356 pater
311 3279 494 3356 omnipotens
516 3277 647 3339 fecundis
668 3272 811 3338 imbribus
833 3277 934 3339 aether

122 3363 253 3440 coniugis
275 3364 305 3422 in
326 3363 470 3440 gremium
491 3360 584 3422 laetae
606 3360 766 3430 deseendit,
791 3368 820 3421 et
841 3361 935 3421 omnis
1026 3408 1031 3416 .

122 3462 247 3524 magnus
268 3443 317 3505 alit
338 3446 639 3523 magno'oommixtus
661 3461 786 3522 corpore
807 3445 891 3506 letus.

122 3531 184 3591 avia
207 3534 269 3589 tum
290 3535 429 3591 resonant
450 3529 550 3590 avibus
572 3526 696 3603 virgulta
719 3528 842 3596 canoris,
