2512 4096
583 273 683 322 enus.
1073 260 1135 321 373

125 430 223 494 nullus
244 432 276 491 in
298 448 351 491 ore
371 430 479 493 rubor:
502 429 553 492 ubi
575 429 654 490 enim
675 427 784 501 rubor,
807 427 905 490 obstat
926 428 1029 490 amori.
1086 432 1137 486 180

124 524 217 596 alque
232 513 283 576 ubi
306 514 385 576 nulla
407 513 491 576 malis
512 515 625 595 reperit
639 503 748 573 sdiaoia
768 514 857 574 tantis

124 597 344 679 tabidulamque
362 599 444 660 ridet
464 596 524 659 labi
544 614 600 677 per
621 598 733 658 viscera
753 603 890 666 mortem,

124 701 182 763 quo
205 689 289 743 vocat
308 684 353 743 ire
375 681 475 753 dolor,
497 680 716 760 subiguntque
739 679 862 742 tendere
883 680 951 750 iata,

124 767 219 828 lertur
241 773 270 826 et
291 765 428 827 horribili
447 783 590 847 praeceps
611 763 762 845 inpellitur
784 770 891 833 oestro,

122 858 157 912 ut
177 850 283 929 patris,
307 868 323 911 a
346 850 483 921 demens,
506 845 620 910 crinem
642 846 679 908 de
700 850 810 910 vertice
831 854 945 910 sectum

122 934 284 1014 furtimque
307 940 411 1012 arguto
435 933 590 994 detonsum
611 933 744 994 mitteret
763 933 850 1003 hosti,

122 1034 251 1096 namque
272 1017 345 1077 haec
363 1017 499 1078 condicio
518 1018 645 1077 miserae
665 1017 841 1096 proponitur
862 1033 931 1085 una,
953 1020 957 1028 “

124 1103 184 1165 sire
200 1099 257 1162 silla
278 1101 419 1178 ignorans
442 1101 516 1180 (quis
537 1117 598 1161 non
619 1099 715 1161 bonus
737 1101 836 1161 omnia
857 1098 940 1161 malit

124 1184 247 1246 credere
269 1202 356 1264 quam
376 1184 450 1246 tanti
463 1181 591 1245 sceleris
611 1182 751 1244 damnare
772 1182 928 1262 puellaml)

123 1268 183 1329 heu
204 1273 304 1327 tamen
325 1265 441 1327 infelix:
466 1266 536 1345 quid
559 1266 637 1327 enim
658 1267 848 1346 inprudentia
868 1265 1008 1345 prodest?

123 1352 193 1413 Nise
213 1355 314 1429 pater,
338 1351 386 1412 cui
408 1349 522 1429 direpta
544 1349 704 1410 crudeliter
726 1349 800 1411 urbe

123 1436 171 1495 rix
194 1434 251 1494 erit
271 1451 330 1494 una
352 1451 443 1513 super
464 1433 550 1494 sedes
570 1434 603 1494 iu
625 1432 756 1494 turribus
779 1432 853 1504 altis,

124 1518 218 1579 lessus
239 1515 291 1578 ubi
313 1522 447 1578 extructo
468 1517 563 1595 possis
585 1515 739 1577 considere
761 1516 840 1587 nido,

124 1608 186 1662 tum
209 1619 325 1680 quoque
347 1602 408 1662 aris
429 1607 577 1661 metuere:
601 1598 683 1660 dabit
704 1599 757 1661 tibi
777 1599 836 1661 filia
857 1616 978 1679 poenas.

72 1748 74 1752 ,
124 1683 264 1764 gaudete,
288 1703 306 1745 o
329 1682 456 1756 celeres,
480 1682 617 1744 subnisae
639 1682 767 1745 nubibus
789 1682 864 1753 altis,

125 1786 200 1848 quae
221 1785 319 1840 mare,
342 1786 418 1847 quae
438 1766 547 1828 virides
568 1766 655 1828 silvas
675 1766 816 1847 lucosque
838 1775 977 1830 sonantes
1019 1812 1025 1818 ,

125 1850 266 1921 incolitis,
290 1851 428 1929 gaudete,
451 1868 541 1930 uagae
562 1849 746 1930 blandaeque
768 1849 917 1920 volucres:

124 1953 234 2016 rosque
254 1934 344 2005 adeo,
367 1936 513 1997 humanos
533 1940 662 1995 mutatae
685 1935 819 2013 corporis
840 1940 931 2003 artus,

123 2037 175 2079 ros
197 2037 215 2079 o
238 2017 352 2078 crudeli
373 2018 501 2079 latorum
522 2015 604 2095 lege,
626 2015 742 2094 puellae

123 2100 292 2171 Dauliades,
315 2100 455 2178 gaudete:
478 2101 559 2161 venit
579 2100 730 2160 carissima
752 2098 835 2160 robis

124 2189 265 2262 cognatos
287 2201 399 2262 augens
419 2201 507 2261 reges
528 2201 744 2261 numerumque
765 2200 887 2244 suorum
913 2247 919 2260 ,

124 2269 193 2329 ciris
215 2268 329 2346 etipse
350 2274 445 2347 pater.
468 2284 533 2338 ros,
556 2285 574 2326 o
595 2264 795 2345 pulcherrima
817 2267 963 2346 quondam

125 2369 266 2431 corpora,
291 2349 442 2413 caeruleas
461 2352 641 2430 praevertite
662 2351 694 2409 in
717 2351 838 2411 aethera
860 2350 963 2423 nubes,

124 2453 181 2515 qua
202 2452 295 2495 novus
317 2433 354 2494 ad
375 2451 515 2513 superum
537 2433 623 2495 sedes
643 2432 803 2495 haliaeetus
824 2443 854 2495 et
875 2455 932 2516 qua

124 2517 248 2579 candida
271 2535 427 2579 concessos
448 2517 587 2579 ascendat
608 2519 678 2578 ciris
699 2518 837 2579 honores.

166 2602 285 2680 lamque
307 2601 380 2662 adeo
403 2599 482 2661 dulci
504 2602 655 2663 deductus
675 2601 787 2664 lumina
808 2620 911 2665 somno

123 2686 211 2747 Nisus
233 2692 310 2756 erat,
334 2684 512 2766 vigilumque
533 2684 639 2766 procul
661 2686 794 2748 custodia
815 2687 918 2767 primis

124 2768 262 2830 excubias
283 2769 396 2831 loribus
417 2770 514 2831 studio
535 2769 663 2832 iactabat
682 2771 778 2832 inani:

123 2870 191 2914 cum
213 2852 315 2912 furtim
336 2855 426 2913 tacito
448 2853 630 2914 descendens
652 2853 748 2933 Scylla
770 2853 860 2914 cubili

125 2935 244 2996 auribus
266 2936 390 2994 arrectis
412 2943 556 2995 nocturna
577 2935 692 2996 silentia
717 2943 840 3013 temptat

124 3025 155 3079 et
174 3019 285 3097 pressis
307 3023 426 3078 tenuem
448 3016 624 3095 singultibus
646 3022 717 3078 aera
738 3025 845 3099 captat.

124 3110 187 3162 tum
209 3118 351 3181 suspensa
372 3099 473 3161 levans
495 3099 593 3179 digitis
614 3102 735 3179 vestigia
756 3102 861 3179 primis

126 3183 276 3264 egreditur
296 3183 436 3264 ferroque
458 3201 563 3246 manus
585 3192 697 3247 armata
718 3184 832 3245 bidenti

125 3266 234 3338 erolat;
258 3276 289 3329 at
310 3268 447 3349 demptae
468 3267 565 3330 subita
586 3270 617 3329 in
638 3267 797 3329 formidine
819 3270 910 3332 vires:

124 3351 275 3413 oaemleas
296 3370 348 3414 sua
370 3353 448 3414 furta
469 3354 553 3432 prius
574 3360 698 3414 testatur
720 3353 757 3414 ad
779 3353 908 3416 umbras.
1084 3358 1136 3412 215

124 3455 193 3498 uam
214 3454 272 3516 qua
293 3454 325 3496 se
348 3436 384 3498 ad
405 3438 534 3516 patrium
555 3437 696 3498 tendebat
716 3438 820 3498 semita
841 3436 942 3510 hman,

123 3518 268 3583 vestibulo
289 3521 321 3580 in
343 3519 464 3582 thalami
484 3520 605 3600 paulum
627 3529 795 3583 remoratur
817 3529 848 3582 et
869 3516 926 3584 alte
