2512 4096
462 290 605 340 vulsum
619 290 744 340 anunm
764 293 800 338 lX

126 464 206 528 quae
226 448 328 508 stravit
345 444 467 508 Rutulos
488 444 546 507 late
567 462 778 524 armorumque
797 443 916 506 resolvit

128 531 267 610 tegmina.
298 547 354 592 neo
375 535 480 590 emant
502 547 590 591 oaeoo
612 528 790 590 contendere
811 529 905 590 Marte

129 612 254 694 amplius
272 612 398 675 audaoss
418 610 528 683 Rutuli,
550 613 601 674 sed
623 611 735 691 pellere
755 609 830 672 vallo

128 695 287 760 missilibus
309 703 430 759 certent.

128 786 213 858 parto
232 779 286 841 alia
305 779 472 842 horrendus
493 779 556 841 risu
578 777 736 858 quassabat
757 779 911 840 Etruscam

127 864 232 942 pinum
248 870 278 925 et
295 863 448 926 fumiferos
467 862 558 923 inient
576 863 737 924 Mezentius
759 862 849 940 igneio

127 953 159 1009 et
179 946 330 1027 Messapus
351 965 437 1010 eoum
460 946 594 1017 domitor,
615 946 760 1027 Neptunia
780 944 887 1024 proles,

128 1031 269 1092 rescindit
292 1030 399 1094 vallum
421 1037 451 1092 et
472 1029 565 1092 sosias
585 1032 616 1092 in
636 1030 752 1092 moenie
772 1030 876 1108 possit.

170 1113 237 1185 Vos,
256 1131 274 1174 o
292 1114 428 1195 Callope,
449 1131 566 1194 prasos,
588 1115 735 1194 adspirate
756 1114 880 1184 maenti,

129 1213 202 1274 quas
222 1196 264 1259 ibi
283 1205 347 1259 urm
365 1198 447 1260 terro
468 1206 590 1276 strages,
612 1215 688 1277 quae
711 1198 815 1259 lunera
835 1195 953 1259 Turnus

129 1279 263 1351 ediderit,
283 1299 372 1360 quem
391 1283 514 1362 quisquo
535 1282 630 1343 virum
652 1281 802 1344 demiserit
823 1279 916 1350 0roo;

128 1370 158 1424 st
178 1382 295 1426 meeum
311 1366 438 1445 ingentis
457 1382 525 1426 oras
545 1364 667 1427 evolvite
686 1364 766 1426 belli.

170 1447 274 1510 Turris
292 1456 356 1511 erat
376 1455 458 1510 vasto
479 1456 621 1530 suspectu
642 1455 671 1511 et
690 1448 831 1528 pontibus
851 1448 926 1515 altis,
1042 1460 1044 1464 ⁴

128 1538 294 1611 opportuna
312 1533 389 1604 looo,
410 1534 533 1596 mmmis
554 1550 643 1612 quant
665 1533 777 1595 viribus
798 1549 901 1594 omnes

127 1632 298 1772 illd?
310 1616 885 1764 illidimur—{illidii

124 1799 238 1862 perque
261 1801 345 1851 oaras
366 1785 449 1847 densi
469 1784 527 1847 tela
545 1786 716 1863 intorquere
736 1786 889 1846 fenestras.

123 1867 446 2014 assusatus
460 1867 905 2030 tu‘tlulttduu

125 2036 269 2111 corripuit
288 2034 404 2096 tubulas
423 2041 453 2096 et
472 2035 606 2113 postibus
628 2035 721 2096 haesit
741 2033 844 2094 adesis.

124 2115 234 2177 turbati
251 2118 402 2196 trepidare
421 2119 501 2178 intus
521 2118 690 2196 frustraque
710 2115 855 2178 malorum

123 2197 199 2262 velle
219 2199 327 2278 iugem.
361 2200 431 2261 dum
452 2217 484 2261 se
504 2200 669 2278 glomerant
688 2206 830 2278 retroque
851 2198 985 2260 residunt

123 2284 155 2343 in
175 2289 299 2362 partem,
319 2301 395 2363 quse
414 2289 498 2362 peste
519 2290 608 2353 earet,
629 2290 691 2345 tum
709 2283 842 2364 pondere
861 2281 952 2344 turris

122 2365 283 2446 procubuit
304 2367 400 2428 mbito
420 2375 449 2429 et
468 2366 581 2429 eaelum
602 2374 684 2429 tonat
706 2383 793 2428 omne
812 2367 939 2444 iragore.

123 2451 285 2512 semineces
306 2452 344 2512 ad
363 2458 483 2524 terram,
504 2452 625 2513 immani
645 2451 724 2513 mole
744 2460 852 2521 secuta,

124 2533 289 2613 ooniixique
310 2536 371 2598 suis
391 2535 457 2598 telis
479 2546 508 2598 ot
525 2543 646 2615 pectora
668 2536 744 2597 duro

121 2616 277 2679 transfossi
298 2618 378 2698 ligno
399 2621 528 2682 venirmt
558 2621 606 2681 vir
625 2637 702 2682 nnus
723 2616 851 2680 llelenor

122 2709 153 2763 et
171 2699 267 2782 Lycus
289 2701 389 2782 elapsi.
423 2720 550 2784 quorum
571 2706 735 2783 primaevos
754 2703 891 2776 Helenor,

121 2783 254 2846 Maeonio
274 2789 338 2866 regi
359 2806 448 2867 quem
469 2806 554 2851 serva
572 2788 721 2869 Licymnia
742 2786 845 2849 iurtim

122 2866 283 2930 sustulerat
303 2872 459 2949 vetitisque
479 2873 517 2934 ad
540 2871 657 2933 Troiam
681 2873 801 2933 miserat
822 2873 920 2941 umis,

123 2967 194 3012 ense
213 2949 284 3014 levis
306 2953 386 3014 nudo
406 2944 567 3034 parmaque
587 2954 731 3031 inglorius
752 2953 833 3023 alba;

121 3033 207 3112 isque
227 3033 280 3096 ubi
296 3053 328 3097 se
346 3035 438 3098 Turni
459 3037 555 3098 media
576 3038 654 3098 inter
674 3036 752 3097 milia
770 3038 850 3105 vidit,

121 3114 192 3178 lrino
214 3118 292 3180 acies
313 3126 401 3199 atque
420 3120 489 3182 hine
511 3121 588 3182 acies
610 3119 726 3183 adstare
746 3119 877 3183 Latinas:
1082 3128 1133 3180 ooo

122 3206 156 3261 ut
175 3199 247 3273 iera,
310 3221 345 3265 ae
365 3203 453 3266 densa
474 3211 632 3266 venantum
653 3211 753 3284 saepta
775 3222 882 3267 corone

124 3290 227 3345 contra
246 3291 277 3347 te
326 3287 398 3348 furit
418 3306 541 3369 sssoquo
562 3287 634 3351 haut
656 3290 755 3350 nescia
777 3291 866 3352 morti

121 3368 205 3429 inioit
227 3375 256 3429 et
278 3368 353 3431 saltu
374 3389 464 3450 supra
483 3371 627 3435 venabula
648 3374 749 3440 lentur.

122 3527 327 3598 st‘meminlstis
345 3542 424 3607 enim,
442 3542 525 3608 divae,
542 3553 570 3602 et
588 3561 738 3635 memorare
752 3551 879 3620 potestis.
1081 3545 1132 3596 ⁶²⁹
1184 3573 1191 3587 ·

174 3650 305 3701 suessos,
324 3653 437 3691 vnnurn.
888 3636 926 3702 18
1021 3658 1025 3666 ’
