2512 4096
198 252 259 312 302
538 260 680 309 vnaeuu
698 259 822 308 anunrs
839 261 860 306 x

75 452 78 457 ⁴
196 437 265 481 aare
286 436 387 479 cavom
406 415 521 496 triplici,
541 434 595 494 por
613 415 690 477 lmea
710 425 791 493 terga
811 415 964 492 tribusque

196 502 299 563 transit
320 504 463 563 intextum
484 502 575 562 tauris
597 517 672 578 opus
689 501 806 578 imaque
827 499 902 560 sedit

195 587 322 664 inguine,
346 585 397 647 sed
417 586 487 646 viris
508 585 580 646 baut
600 582 730 661 pertulit.
764 585 846 644 ooius
868 601 968 644 ensem

195 671 316 739 deneas,
336 671 398 730 viso
417 668 563 748 Tyrrheni
581 669 721 746 sanguine
741 666 843 736 laetus,

196 754 281 830 eripit
302 772 318 814 a
340 753 447 813 femine
471 760 499 813 et
518 752 674 829 trepidanti
693 750 823 811 fervidus
841 750 936 811 instat.

195 839 338 914 ingemuit
358 838 418 897 oari
437 836 564 914 graviter
585 834 724 913 genitoris
745 850 855 905 amore,

197 928 228 982 ut
247 921 325 991 vidit,
349 920 471 989 Lausus,
494 918 690 997 lacrimaeque
710 935 764 996 per
786 934 838 978 ora
859 917 983 978 volutae.

196 1004 245 1065 hio
268 1005 370 1065 mortis
393 1003 485 1064 durae
507 1020 607 1064 casum
628 1010 738 1079 tuaque
756 1003 865 1081 optima
886 1002 971 1071 laeta,

196 1089 278 1166 siqua
300 1088 387 1149 fidem
408 1092 517 1148 tantast
537 1087 621 1164 operi
641 1084 736 1146 latura
761 1091 898 1155 vetustas,

196 1189 255 1232 ‘ron
279 1171 414 1250 equidem
435 1187 492 1232 neo
511 1176 550 1240 te,
575 1171 685 1231 iuvenis
705 1169 905 1237 memorande,
927 1168 1031 1230 silebo.

195 1253 243 1316 ille
265 1254 370 1333 pedem
392 1252 525 1316 referens
547 1262 576 1315 et
595 1253 705 1314 inutilis
725 1254 813 1331 inquo
833 1251 939 1328 ligatus

196 1337 319 1400 oadebat
341 1337 493 1416 clipeoque
513 1338 665 1399 inimicum
685 1335 789 1397 hastile
810 1334 959 1397 trahebat:

195 1423 332 1501 prorupit
353 1423 465 1484 iuvenis
485 1439 609 1499 seseque
632 1420 777 1482 inmiscuit
798 1420 887 1480 armis

197 1507 312 1583 iamque
330 1506 515 1582 adsurgentis
537 1506 639 1566 dextra
661 1504 836 1583 plagamque
857 1503 977 1563 ferentis

196 1590 310 1650 laneae
331 1588 420 1649 subiit
439 1606 613 1650 mueronem
634 1589 789 1666 ipsumque
808 1586 951 1648 morando

196 1672 339 1733 sustinuit.
372 1674 443 1733 socii
464 1689 571 1750 magno
594 1670 722 1732 clamore
741 1677 890 1742 secuntur,

197 1757 268 1817 dum
290 1757 404 1834 genitor
425 1755 485 1816 nati
505 1772 608 1832 parma
629 1760 779 1831 protectus
799 1753 902 1823 abiret,

197 1838 311 1918 telaque
331 1840 479 1900 oonieiunt
498 1836 732 1917 proturbantque
755 1838 869 1898 eminus
886 1836 1001 1898 bostem

197 1922 364 1985 missilibus.
394 1923 465 1984 lurit
487 1923 601 1984 deneas
621 1927 773 2000 tectusque
795 1928 875 1982 tenet
896 1940 935 1982 se.

196 2026 231 2069 ao
249 2006 329 2068 velut
350 2008 440 2069 eflusa
461 2006 603 2086 siquando
625 2005 767 2085 grandine
786 2005 877 2065 nimbi

197 2091 398 2170 praecipitant,
422 2088 650 2172 omnis[oampis
672 2089 787 2167 diffugit
811 2094 908 2149 arator

197 2176 293 2235 omnis
316 2183 345 2235 et
366 2173 493 2252 agricola
512 2175 620 2259 ot]tuta
640 2172 710 2235 latet
729 2190 797 2234 aroe
819 2175 919 2240 viator,

197 2268 246 2320 aut
267 2260 362 2319 amnis
384 2259 456 2337 ripis
479 2266 529 2318 aut
549 2256 600 2318 alti
622 2258 734 2318 lornioe
756 2258 828 2327 saxi,

197 2343 267 2404 dum
290 2342 380 2419 pluvit
399 2343 430 2402 in
449 2343 545 2411 terris,
568 2347 601 2401 ut
620 2344 734 2420 possint
752 2340 813 2401 sole
835 2340 956 2400 reducto

197 2444 338 2487 exercere
359 2425 451 2486 disum
474 2427 517 2486 sio
538 2424 663 2486 obrutus
683 2424 813 2502 undique
834 2423 899 2485 telis

198 2512 309 2570 deneas
329 2508 441 2570 nubem
462 2507 540 2579 belli,
563 2509 634 2569 dum
656 2508 774 2569 detonet
795 2509 899 2578 omnis,

197 2593 320 2654 sustinet
337 2597 367 2653 et
386 2591 514 2653 Lausum
536 2592 691 2670 increpitat
708 2591 861 2670 Lausoque
884 2594 1027 2652 minatur:

198 2686 273 2754 ‘quo
294 2676 438 2736 moriture
459 2675 522 2736 ruis
542 2675 711 2752 maioraque
733 2672 843 2733 viribus
864 2675 973 2735 audes?
1031 2710 1035 2715 -

197 2758 269 2820 lallit
287 2767 315 2819 ta
336 2760 486 2819 incautum
506 2759 599 2836 pietas
621 2755 689 2817 tua!
725 2774 780 2817 neo
801 2758 899 2817 minus
920 2756 967 2816 ille

199 2842 307 2904 exultat
326 2843 462 2911 demens;
486 2859 588 2902 saevae
606 2842 723 2918 iamque
742 2839 828 2901 altius
850 2841 911 2902 irae

197 2927 343 2988 Dardanio
365 2932 491 3005 surgunt
512 2925 636 2995 ductori,
660 2929 848 3002 extremaque
869 2924 963 2985 Lauso

198 3028 303 3088 parcae
323 3010 372 3072 illa
393 3010 508 3089 legrmt:
531 3008 657 3070 validum
679 3026 806 3089 namque
829 3010 917 3086 exigit
939 3027 1040 3069 ensem

198 3111 250 3171 per
272 3095 401 3156 medium
426 3095 538 3157 Aeneas
560 3095 695 3156 iuvenem
718 3099 869 3170 totumque
889 3093 1030 3152 recondit.

199 3177 323 3238 transilit
344 3187 373 3238 ot
388 3196 521 3258 parmam
544 3195 657 3246 mucro,
681 3176 753 3237 levia
775 3193 856 3236 arma
877 3176 1008 3237 minacis.

199 3267 226 3321 et
246 3262 385 3331 tunicam,
406 3261 487 3322 molli
502 3269 596 3322 mator
619 3278 706 3339 quam
726 3265 845 3320 neverat
866 3277 948 3328 auro,

199 3342 387 3422 implevitque
409 3347 505 3406 sinum
528 3344 660 3421 sanguim
682 3349 744 3402 tum
767 3344 823 3401 vita
845 3360 898 3420 per
920 3359 1003 3402 auras

199 3429 343 3489 concessit
361 3439 471 3490 maesta
491 3429 527 3489 ad
549 3428 645 3487 manis
667 3442 833 3503 corpusque
854 3424 980 3503 reliquit.

201 3518 228 3572 nt
251 3529 320 3571 voro
342 3517 375 3571 ut
397 3511 504 3573 voltum
528 3511 598 3571 vidit
616 3510 768 3570 morientis
789 3516 818 3569 et
840 3527 900 3577 ora,
