2512 4096
147 283 209 348 286
483 297 629 346 vnasrm
643 297 768 346 nnuma
788 300 810 345 x

148 460 177 514 et
195 451 313 529 linguae
339 452 491 514 volucrum
511 459 541 514 et
564 453 698 532 praesagi
718 451 847 514 fulminis
869 453 964 529 ignes,

147 534 228 596 mille
242 537 320 615 rapit
341 536 448 598 densos
468 538 530 598 acie
552 544 639 616 atque
660 535 850 597 horrentibus
869 537 970 598 hastis.

148 619 202 680 hos
221 635 328 697 parere
350 619 451 681 iubent
472 620 602 699 Alpheae
623 620 737 698 origine
758 619 851 690 Pisae,

147 701 220 763 urhs
241 702 364 765 Etrusca
386 704 458 765 solo.
492 705 624 782 sequitur
643 703 861 783 pulcherrimus
882 703 981 771 natur,
1112 709 1172 765 >itit

147 786 236 847 Astur
259 805 335 867 equo
357 787 451 849 iidens
473 795 502 849 et
523 787 751 849 versicoloribus
772 789 870 848 armis.

149 875 313 931 tercentum
334 871 463 932 adiciunt
486 871 579 952 (mens
600 871 737 933 omnihus
756 888 814 932 una
833 871 986 950 sequendi)

148 954 198 1031 qui
220 953 342 1016 Caerete
364 955 462 1026 domo,
485 957 536 1033 qui
554 963 622 1015 sunt
639 954 773 1015 Minionis
795 955 825 1014 in
848 956 932 1023 arvis,

148 1044 178 1097 et
198 1037 286 1118 Pyrgi
307 1045 422 1110 ueteres
439 1040 690 1117 intempestaeque
712 1039 876 1100 Graviscae.

190 1121 255 1182 Mon
273 1137 328 1198 ego
348 1129 386 1192 te,
410 1122 550 1201 Ligurum
573 1122 677 1182 ductor
699 1123 856 1183 fortissime
878 1121 965 1192 beMo,
1121 1129 1170 1181 185

149 1207 325 1276 transierim,
346 1205 460 1285 Cinyre,
481 1212 510 1268 et
532 1207 632 1284 paucis
652 1206 787 1267 comitate
808 1205 933 1284 Cupauo,
982 1239 984 1243 ,

150 1291 233 1350 auius
254 1289 385 1350 olorinae
404 1296 528 1368 surgunt
549 1290 586 1351 de
606 1291 716 1351 vertice
737 1290 853 1369 pinnae,

149 1373 269 1442 crimen,
290 1372 390 1445 Amor,
412 1381 543 1435 vestrum
565 1373 736 1452 formaeque
756 1375 870 1452 insigne
891 1379 1045 1450 paternae.

148 1470 275 1534 namque
298 1455 396 1517 ierunt
415 1456 496 1519 luctu
519 1457 649 1537 Cycnum
669 1456 860 1518 Phaethontis
880 1456 980 1524 amati,

148 1538 287 1616 populeas
309 1539 386 1605 inter
408 1541 528 1602 frondes
550 1541 747 1621 umbramque
769 1558 904 1601 sororum
1120 1547 1170 1600 lad

149 1621 218 1705 dum
239 1617 316 1682 canit
337 1628 367 1682 et
386 1631 530 1685 maestum
551 1642 634 1685 musa
654 1625 764 1685 solatur
785 1641 926 1693 amorem,

149 1711 302 1766 canentem
323 1705 404 1766 molli
426 1705 526 1783 pluma
548 1707 665 1768 duxisse
686 1713 844 1775 senectam,

147 1786 328 1868 linquentem
350 1802 447 1850 terras
467 1797 497 1851 et
514 1789 610 1850 sidera
633 1806 703 1851 voce
722 1797 903 1870 sequentem.

149 1870 233 1942 filius,
257 1870 385 1949 aequalis
408 1874 563 1934 comitatus
585 1871 678 1938 classe
700 1881 840 1941 catervas,

149 1957 296 2034 ingentem
319 1958 408 2017 remis
431 1956 609 2017 Centaurum
631 1964 800 2036 promovet:
822 1954 870 2016 ille
897 1973 901 1980 ·
1117 1965 1167 2019 ltu
1255 1967 1256 1974 ’

148 2040 236 2098 instat
258 2057 351 2118 aquae
368 2058 530 2119 saxumque
551 2039 637 2102 undis
658 2041 785 2102 immane
807 2042 933 2101 minatur

148 2122 258 2184 arduus
276 2130 305 2185 et
324 2123 412 2202 longa'
434 2123 528 2185 sulcat
549 2124 641 2185 maria
664 2123 721 2186 alta
744 2126 852 2186 carina.

191 2205 243 2268 ille
267 2208 353 2268 etiam
375 2209 477 2286 patriis
498 2226 603 2287 agmen
624 2210 681 2270 ciet
703 2210 801 2272 Ocnus
823 2208 859 2269 ah
882 2208 949 2277 oris,
1064 2209 1071 2222 ‘

148 2290 282 2352 fatidicae
302 2291 417 2368 Mantus
438 2298 467 2353 et
488 2291 577 2353 Tusci
599 2290 674 2353 fflius
696 2295 798 2363 amnis,

149 2375 199 2454 qui
218 2393 322 2436 muros
336 2376 500 2454 'matrisque
520 2376 599 2437 dedit
621 2376 682 2446 tihi,
705 2377 832 2459 Mantua,
854 2393 963 2437 nomen
1112 2383 1167 2436 200

149 2457 285 2535 (Mantua,
308 2459 388 2521 dives
409 2461 483 2527 avis:
505 2459 630 2520 sednon
652 2475 745 2536 genus
768 2460 904 2521 omnihus
922 2476 1033 2521 unum:

148 2557 221 2618 gens
240 2540 284 2601 illi
301 2543 416 2621 triplex,
439 2542 540 2621 populi
562 2541 616 2604 sub
640 2549 726 2621 gente
748 2545 892 2622 quaterni,

148 2627 210 2704 ipsa
232 2632 321 2705 caput
343 2625 468 2704 populis,
491 2625 587 2687 Tusco
611 2626 647 2686 de
668 2627 811 2702 sanguine
833 2629 932 2703 vires).

147 2709 217 2770 hinc
237 2727 355 2790 quoque
376 2709 550 2787 quingentos
570 2709 601 2767 in
624 2726 656 2769 se
676 2710 835 2770 Mezentius
858 2718 962 2781 armat,

148 2808 223 2870 quos
242 2799 326 2872 patre
344 2791 461 2852 Benaco
481 2791 592 2852 velatus
614 2791 778 2854 harundine
796 2793 899 2871 glauca
1107 2800 1162 2852 ωδ

148 2875 273 2939 Mincius
295 2876 400 2937 infesta
420 2873 546 2936 ducebat
567 2877 597 2936 in
618 2893 746 2954 aequora
766 2879 846 2957 pinu.

148 2961 170 3020 it
189 2961 286 3038 grauis
304 2961 436 3022 Aulestes
454 2966 637 3040 centenaque
659 2960 766 3022 arbore
788 2961 910 3024 iluctum

148 3044 285 3108 verberat
305 3046 477 3122 adsurgens,
500 3053 638 3124 spumant
662 3045 733 3106 vada
752 3064 901 3108 marmore
923 3061 1019 3106 verso.

148 3129 228 3190 hunc
248 3130 327 3191 vehit
348 3129 481 3191 immanis
504 3129 606 3190 Triton
628 3139 658 3191 et
670 3129 797 3192 *caerula
816 3129 928 3190 concha

150 3217 301 3274 exterrens
319 3214 403 3282 freta,
427 3215 473 3274 cui
495 3212 619 3274 laterum
643 3220 730 3275 tenus
752 3213 867 3291 hispida
889 3211 969 3271 nanti
1113 3219 1166 3272 210

150 3296 232 3355 irons
253 3297 401 3357 hominem
424 3297 562 3373 praefert,
586 3298 617 3355 in
640 3297 753 3375 pristim
773 3296 879 3356 desinit
897 3295 992 3356 alvos:

149 3396 270 3456 spumea
292 3380 428 3441 semifero
447 3380 502 3440 suh
521 3386 641 3459 pectore
659 3387 824 3440 mmmurat
846 3379 933 3439 unda.

191 3463 247 3524 Tot
268 3464 336 3525 lecti
356 3480 495 3542 proceres
517 3463 666 3525 terdenis
687 3463 811 3523 navihus
829 3463 911 3524 ibant

149 3546 279 3610 suhsidio
301 3548 407 3609 Troiae
429 3554 459 3608 ct
479 3564 599 3626 campos
619 3547 687 3608 salis
706 3564 775 3608 aere
795 3545 942 3609 secabant.
