2512 4096
185 230 226 295 94
525 241 668 292 vnnann
691 239 816 289 innuis
838 240 852 287 1

186 418 259 462 cana
280 400 367 461 Fides
387 409 414 462 et
439 400 537 470 Vesta,
560 399 653 460 Remo
676 415 744 458 cum
765 397 856 457 fratre
876 396 1014 468 Quirinus

186 502 250 546 iura
273 484 396 554 dabunt;
416 486 496 546 dirae
518 485 599 545 lerro
618 488 647 544 et
668 480 858 560 compagibus
880 482 950 541 artis

186 567 359 629 claudentur
380 568 452 631 Relli
472 575 589 647 pertae;
611 566 709 628 Furor
729 565 836 644 impius
857 565 935 625 intus

184 669 269 713 saeva
290 652 395 714 sedens
416 671 505 732 super
527 669 609 713 arma
631 657 660 712 et
682 656 799 711 centum
820 651 934 710 vinctus
953 649 1034 710 aenis

186 744 252 814 post
273 742 389 816 tergum
408 737 492 798 nodis
514 737 621 798 fremet
640 734 780 795 horridus
802 750 855 794 ore
877 740 1009 794 cruento.

226 820 307 882 llaec
328 822 383 893 ait,
407 829 437 882 et
456 821 531 882 blais
548 821 679 899 genitum
698 819 822 879 demittit
843 816 880 877 ab
902 815 974 886 alto,

184 909 217 964 ut
237 911 337 966 terrac
358 912 449 983 utque
469 923 562 966 novae
582 910 702 982 pateant
718 900 905 980 Karthaginis
926 917 1009 962 arces

185 987 310 1066 hospitio
331 987 468 1060 Teucris,
491 1006 529 1050 ne
551 988 601 1049 lati
621 987 720 1049 nescia
743 986 816 1047 llido

184 1071 291 1133 linibus
312 1080 436 1134 arceret.
480 1071 557 1133 volat
575 1071 624 1133 ille
642 1090 697 1153 per
715 1076 785 1133 atra
805 1087 944 1148 magnum

183 1157 306 1235 remigio
328 1154 455 1226 alarum,
478 1174 513 1218 ac
534 1155 642 1236 Libyae
664 1157 737 1217 citus
759 1155 847 1215 astitit
868 1154 937 1214 oris.
1030 1176 1035 1185 ·

185 1248 213 1301 et
237 1242 295 1300 iam
316 1241 394 1301 iussa
414 1241 496 1315 iacit,
521 1246 694 1319 ponuntque
717 1239 826 1300 ferocia
844 1239 934 1298 Poeni

185 1325 274 1385 corda
296 1323 411 1386 volente
434 1325 506 1395 deo;
528 1325 559 1386 in
584 1325 688 1404 primis
709 1323 810 1400 regina
833 1323 964 1400 quietum

184 1408 290 1485 accipit
309 1410 339 1468 in
359 1407 490 1470 Teucros
511 1410 641 1471 animum
661 1414 850 1484 mentemque
869 1404 1033 1481 benignam.

225 1492 262 1552 nt
282 1490 348 1568 pins
369 1491 497 1563 Aeneas,
519 1510 573 1571 per
592 1500 710 1554 noctem
729 1490 856 1571 plurima
874 1488 1006 1557 volvens,

185 1582 217 1636 ut
237 1575 365 1653 primum
387 1573 437 1637 lux
458 1576 534 1638 alma
553 1577 661 1649 datast,
685 1575 766 1638 exire
785 1573 926 1652 locosque

185 1657 341 1737 explorare
358 1676 464 1730 novos,
488 1679 560 1740 ques
582 1668 668 1722 rento
690 1659 847 1721 accesserit
869 1675 951 1726 orae,

187 1744 235 1822 spui
259 1750 377 1805 teneant
400 1742 478 1822 (nam
495 1742 605 1805 inculta
624 1745 727 1826 videt),
749 1743 923 1804 hominesne
944 1741 1079 1809 leraene,

184 1844 328 1906 quaerere
345 1829 494 1889 constitnit
514 1828 659 1908 sociisque
679 1834 781 1890 exacta
802 1825 925 1887 referre.

184 1910 308 1972 classem
328 1913 358 1973 in
380 1929 510 1973 convexo
531 1930 686 1975 nemorum
707 1912 762 1974 sub
785 1928 860 1991 rupe
883 1917 980 1970 cavata

183 1994 340 2056 arboribus
361 1995 490 2058 clausam
513 1998 625 2058 circum
646 2005 734 2078 atquc
754 1993 944 2057 horrentibus
965 1993 1078 2054 umbris

184 2079 307 2149 occuiit;
329 2080 392 2158 ipse
411 2098 472 2142 uno
494 2082 626 2161 graditur
644 2083 797 2144 comitatus
814 2078 937 2148 Achate,

183 2161 251 2223 bina
273 2181 363 2224 mann
382 2164 441 2226 lato
460 2168 591 2245 crispans
613 2166 725 2228 hastilia
742 2164 832 2225 ferro.

184 2247 231 2305 cui
253 2254 346 2308 mater
363 2249 461 2310 media
482 2267 547 2312 sese
570 2250 635 2312 tulit
653 2250 737 2311 obvia
757 2246 843 2319 silva,

185 2329 303 2405 virginis
324 2348 357 2390 os
378 2331 570 2412 habitumque
591 2351 698 2410 gerens
715 2341 744 2394 et
760 2331 880 2408 virginis
902 2347 992 2397 arma,

184 2412 344 2490 Spartanae
364 2415 410 2476 vel
428 2416 521 2494 qualis
543 2435 635 2497 equos
657 2416 794 2477 Threissa
817 2413 916 2490 fatigat

183 2495 346 2576 Harpalyce
367 2496 576 2578 volucremque
597 2500 666 2577 fuga
687 2499 882 2576 praevertitur
903 2496 1024 2558 Eurum.

183 2597 309 2659 namque
330 2582 440 2642 umeris
462 2582 499 2642 de
520 2601 604 2644 more
624 2581 752 2644 habilem
774 2581 969 2657 suspenderat
990 2598 1091 2641 arcum

181 2665 329 2735 venatrix,
352 2664 529 2743 dederatque
552 2684 666 2727 comam
688 2664 852 2726 diffundere
874 2667 980 2735 ventis,

183 2749 261 2810 nuda
280 2764 357 2826 genu
383 2749 521 2828 nodoque
542 2751 623 2810 sinus
645 2748 767 2811 collecta
789 2747 915 2809 fluentis.
1145 2759 1196 2813 sto

182 2849 217 2892 ac
235 2832 318 2910 prior
334 2831 436 2893 ‘heus'
458 2834 724 2913 inquit,‘invenes,
745 2838 920 2900 monstrate,
945 2851 1077 2894 mearum

182 2915 291 2976 vidistis
312 2916 425 3004 siquam
445 2917 493 2978 hic
516 2924 664 2980 errantem
683 2919 759 3007 lprte
780 2934 948 3014 sprorum„

182 3001 359 3062 succinctam
381 3001 532 3080 pharetra,
543 3011 571 3064 et
587 3003 753 3065 maculosae
771 3002 900 3078 tegmine
920 3000 1012 3081 lyncis

182 3091 232 3145 ant
254 3072 415 3162 spuma'ntis
438 3088 501 3165 apri
522 3088 642 3149 cursum
666 3088 794 3171 clapndre
816 3083 1024 3228 frementem!

224 3167 272 3229 Sic
293 3167 398 3243 Venus,
425 3179 454 3231 et
472 3170 591 3233 Veneris
613 3174 715 3233 contra
734 3173 776 3231 sic
797 3170 872 3231 llius
886 3185 990 3237 orsus:
1097 3188 1101 3197 “
1145 3178 1195 3232 325

183 3250 278 3321 ‘n'ulla
300 3258 417 3313 tuarum
441 3254 537 3316 audita
557 3254 629 3316 mihi
650 3272 745 3333 neque
767 3255 826 3321 visa
847 3268 983 3311 sororum

181 3353 200 3395 o
223 3368 259 3381 —
285 3354 372 3416 qnam
393 3345 421 3398 te
438 3355 617 3407 memorem,
640 3339 741 3414 virgo?
762 3354 889 3414 namque
908 3335 968 3397 hau
986 3335 1037 3396 tibi
1053 3335 1147 3396 voltus

181 3418 327 3499 mortalis,
350 3437 405 3491 nec
426 3439 483 3482 vox
504 3421 655 3507 hpminem
677 3428 776 3490 sonat;
798 3439 817 3495 p
839 3419 893 3483 dee
917 3426 997 3495 certe
1004 3464 1013 3500 ,

182 3522 219 3567 an
241 3503 353 3567 Phoebi
377 3505 479 3567 sororl
502 3514 539 3567 an
561 3504 756 3585 nrmpharum
775 3504 923 3584 sanguinis
945 3505 1019 3566 unat
1113 3531 1117 3536 ·
