2512 4096
392 284 537 333 vanonn
559 283 686 335 anunm
704 285 741 332 vr
1012 273 1072 336 205

59 441 108 504 hic
124 439 250 503 mutum
271 441 331 502 heti
352 440 389 502 ad
410 456 534 518 superos
553 438 691 519 belloque
712 439 814 501 caduci

60 525 257 594 Dardanidae,
275 542 349 604 quos
370 524 418 585 ille
441 525 535 584 omnis
555 522 645 602 longo
669 524 772 584 ordine
797 541 922 586 cernens

60 609 216 687 ingemuit,
235 607 437 687 Glaucumque
458 607 654 685 Medontaque
674 607 972 686 Thersilochumque,

60 692 114 752 tris
134 692 342 763 Antenoridas,
362 692 521 770 Cererique
543 709 660 752 sacrum
680 689 841 771 Polyboten

60 775 237 856 Idaeumque
257 778 354 858 etiam
366 792 487 845 currus,
509 775 596 849 etiam
615 793 696 835 arma
718 781 875 836 tenentem,

60 859 250 921 circumstant
268 861 383 920 animae
404 859 506 920 dextra
520 857 660 938 laevaque
683 860 852 920 frementes.

59 959 114 1004 nec
133 943 239 1005 vidisse
259 943 349 1004 semel
369 947 438 1004 satis
460 949 518 1011 esta
540 943 731 1022 iuratusque
753 941 862 1003 morari

60 1033 89 1086 et
110 1027 246 1089 conferre
265 1027 390 1105 gradum
412 1034 441 1087 et
459 1027 592 1088 veniendi
615 1026 728 1088 discere
749 1044 860 1088 causas.

59 1115 89 1170 at
108 1109 240 1172 Danaum
260 1129 402 1190 proceres
423 1111 729 1190 Agamemnoniaeque
752 1108 913 1189 phalanges

58 1199 91 1254 ut
113 1195 214 1256 ridere
234 1195 330 1256 virum
350 1194 549 1273 fulgentiaque
569 1212 650 1254 arma
672 1212 727 1272 per
747 1193 883 1263 umbras,

57 1277 170 1354 ingenti
190 1277 338 1355 trepidare
360 1285 455 1338 metu:
478 1295 548 1355 pars
565 1285 680 1338 vertere
699 1286 796 1354 terga,

58 1379 114 1422 ceu
137 1361 286 1439 quondam
306 1362 419 1439 petiere
439 1368 534 1430 rates:
557 1378 627 1438 pars
644 1358 748 1422 tollere
766 1378 869 1420 vocem

58 1445 209 1522 exiguam,
231 1446 366 1522 inceptus
387 1443 499 1504 clamor
520 1443 679 1504 frustratur
700 1445 814 1505 hiantis.

100 1530 195 1606 Atque
216 1527 263 1588 hic
283 1528 450 1588 Priamiden
470 1527 610 1588 laniatum
629 1545 754 1606 corpore
772 1535 835 1590 toto

57 1610 244 1687 Deiphobum
266 1611 350 1682 vidit,
371 1609 503 1674 lacerum
525 1609 685 1672 crudeliter
706 1630 771 1682 ora,

58 1711 111 1753 ora
131 1711 293 1773 manusque
315 1694 429 1766 ambas,
453 1694 651 1775 populataque
671 1704 806 1774 tempora
825 1698 916 1775 raptis

57 1775 179 1838 auribus
202 1785 231 1838 et
251 1786 370 1840 truncas
390 1781 545 1841 inhonesto
567 1778 689 1841 volnere
708 1781 797 1841 naris.

56 1861 104 1921 vix
122 1862 195 1922 adeo
212 1863 348 1940 adgnovit
364 1865 541 1942 pavitantem
562 1881 598 1924 ac
619 1865 682 1923 dira
700 1869 848 1940 tegentem

57 1943 214 2021 supplicia,
234 1953 262 2006 et
282 1948 359 2006 notis
382 1946 538 2024 compellat
558 1946 680 2007 vocibus
698 1944 792 2006 ultro:

59 2026 225 2103 ‘Deiphobe
242 2031 435 2106 armipotens,
457 2047 550 2106 genus
575 2028 633 2089 alto
652 2047 668 2088 a
690 2029 832 2106 sanguine
851 2028 972 2098 Teucri,

58 2110 125 2186 quis
146 2115 206 2169 tarn
220 2110 355 2188 ‘crudelis
377 2113 486 2189 optarit
502 2129 620 2171 sumere
639 2110 770 2188 poenasi

38 2193 106 2253 ·cui
127 2198 241 2252 tantum
262 2193 298 2254 de
319 2201 349 2254 te
369 2193 470 2254 licuit?
492 2193 565 2253 andri
585 2193 661 2254 ianua
684 2211 821 2270 suprema

56 2283 145 2336 nocte
162 2274 228 2336 tulit
247 2277 357 2338 fessum
379 2284 458 2337 vasta
479 2283 508 2336 te
531 2277 620 2337 caede
637 2274 793 2355 Pelasgum

56 2360 251 2439 procubuisse
271 2379 362 2440 super
384 2360 523 2421 contusae
544 2362 649 2438 stragis
670 2379 814 2423 acervom.

57 2451 128 2504 tunc
151 2452 267 2522 egomet
287 2442 432 2506 tumulum
448 2444 580 2505 Rhoeteo
600 2445 686 2505 litore
701 2447 817 2508 inanem

58 2529 195 2588 constitui
216 2538 244 2589 et
265 2546 371 2606 magna
392 2530 486 2590 manis
507 2536 553 2588 ter
574 2548 647 2592 voce
666 2533 775 2591 vocavi.

57 2628 166 2672 nomen
186 2619 214 2672 et
235 2632 317 2674 arma
335 2613 433 2674 locum
452 2620 584 2675 servant:
606 2621 652 2684 te,
674 2615 781 2685 amice,
805 2617 921 2696 nequivi

58 2696 229 2773 conspicere
248 2706 276 2758 et
293 2698 388 2777 patria
410 2697 556 2758 decedens
573 2715 694 2776 ponere.
706 2699 810 2761 terra’

57 2778 190 2857 adquae
211 2781 386 2843 Priamides:
408 2781 496 2842 ‘nihil
518 2799 535 2841 o
557 2782 610 2842 tihi
631 2784 723 2844 amice
740 2784 888 2855 relictum3

58 2864 156 2922 omnia
173 2862 326 2941 Deiphobo
348 2863 457 2924 solvisti
479 2872 508 2925 et
529 2865 642 2926 funeris
662 2865 783 2928 umhris.

57 2943 110 3003 sed
122 2961 171 3003 me
192 2944 250 3005 iata
273 2963 338 3006 mea
360 2954 389 3007 et
409 2946 507 3007 scelus
528 2946 642 3009 exitiale
659 2949 809 3013 Lacaenae

57 3025 104 3084 his
119 3043 251 3093 mersere
271 3027 369 3097 malim
389 3026 437 3088 illa
457 3029 532 3090 haec
552 3032 731 3091 monimenta
751 3034 877 3114 rquuit.

57 3125 186 3189 namque
205 3118 238 3171 ut
258 3128 427 3189 supremam
448 3110 521 3172 falsa
540 3113 616 3173 inter
639 3115 744 3190 gaudia
764 3126 882 3181 noctem

58 3194 219 3270 egerimus,
238 3197 330 3266 nosti;
351 3203 380 3258 et
399 3197 522 3258 nimium
543 3199 710 3259 meminisse
731 3217 852 3265 necesse
868 3214 919 3266 est

58 3293 125 3338 cann
147 3276 240 3337 fatalis
262 3298 331 3340 ecus
353 3279 428 3343 saltu
447 3299 537 3360 super
561 3281 653 3343 ardua
675 3284 753 3344 venit

57 3359 202 3438 Pergama
219 3370 247 3423 et
268 3371 412 3425 armatum
433 3366 562 3445 peditem
584 3369 680 3444 gravis
700 3369 795 3432 attulit
814 3371 893 3444 alre,

57 3441 106 3506 illa
127 3445 251 3506 chorum
273 3447 412 3508 simulans
430 3450 564 3511 euhantis
586 3453 666 3529 orgia
690 3453 800 3516 circum

58 3525 186 3592 ducebat
203 3529 360 3611 Phrygias:
389 3531 538 3595 hammam
558 3536 653 3596 media
675 3538 738 3614 ipsa
758 3540 877 3603 tenebat
