<?xml version="1.0" encoding="UTF-8"?>
<!DOCTYPE html PUBLIC "-//W3C//DTD XHTML 1.0 Transitional//EN"
    "http://www.w3.org/TR/xhtml1/DTD/xhtml1-transitional.dtd">
<html xmlns="http://www.w3.org/1999/xhtml" xml:lang="en" lang="en">
 <head>
  <title>
</title>
<meta http-equiv="Content-Type" content="text/html;charset=utf-8" />
  <meta name='ocr-system' content='tesseract 3.04.00' />
  <meta name='ocr-capabilities' content='ocr_page ocr_carea ocr_par ocr_line ocrx_word'/>
</head>
<body>
  <div class='ocr_page' id='page_1' title='image "./pvergilimaronis12virggoog/pvergilimaronis12virggoog_0181.png"; bbox 0 0 2512 4096; ppageno 0'>
   <div class='ocr_carea' id='block_1_1' title="bbox 180 264 866 325">
    <p class='ocr_par' dir='ltr' id='par_1_1' title="bbox 180 264 866 325">
     <span class='ocr_line' id='line_1_1' title="bbox 180 264 866 325; baseline -0.006 0"><span class='ocrx_word' id='word_1_1' title='bbox 180 264 239 325; x_wconf 70' lang='lat'><strong>¹50</strong></span> <span class='ocrx_word' id='word_1_2' title='bbox 511 276 655 324; x_wconf 79' lang='lat' dir='ltr'><strong>vnromi</strong></span> <span class='ocrx_word' id='word_1_3' title='bbox 671 275 795 324; x_wconf 72' lang='lat' dir='ltr'><strong>muers</strong></span> <span class='ocrx_word' id='word_1_4' title='bbox 812 274 866 322; x_wconf 90' lang='lat'>1111</span> 
     </span>
    </p>
   </div>
   <div class='ocr_carea' id='block_1_2' title="bbox 74 429 1202 3203">
    <p class='ocr_par' dir='ltr' id='par_1_2' title="bbox 74 429 1202 3203">
     <span class='ocr_line' id='line_1_2' title="bbox 177 429 986 510; baseline -0.002 -21"><span class='ocrx_word' id='word_1_5' title='bbox 177 430 312 510; x_wconf 81' lang='lat' dir='ltr'><strong>pallentis</strong></span> <span class='ocrx_word' id='word_1_6' title='bbox 332 431 453 492; x_wconf 84' lang='lat' dir='ltr'><strong>umbras</strong></span> <span class='ocrx_word' id='word_1_7' title='bbox 475 429 573 491; x_wconf 83' lang='lat' dir='ltr'>Erebo</span> <span class='ocrx_word' id='word_1_8' title='bbox 594 437 771 509; x_wconf 89' lang='lat' dir='ltr'><strong>noctemque</strong></span> <span class='ocrx_word' id='word_1_9' title='bbox 793 429 986 509; x_wconf 85' lang='lat' dir='ltr'>profundam,</span> 
     </span>
     <span class='ocr_line' id='line_1_3' title="bbox 129 510 1038 592; baseline 0 -18"><span class='ocrx_word' id='word_1_10' title='bbox 129 510 132 515; x_wconf 80' lang='grc'><strong>’</strong></span> <span class='ocrx_word' id='word_1_11' title='bbox 177 525 258 582; x_wconf 83' lang='lat' dir='ltr'><strong>ente.</strong></span> <span class='ocrx_word' id='word_1_12' title='bbox 281 514 395 585; x_wconf 90' lang='lat' dir='ltr'><strong>Pudor,</strong></span> <span class='ocrx_word' id='word_1_13' title='bbox 418 531 507 592; x_wconf 91' lang='lat' dir='ltr'><strong>quam</strong></span> <span class='ocrx_word' id='word_1_14' title='bbox 527 520 557 574; x_wconf 88' lang='lat' dir='ltr'><strong>te</strong></span> <span class='ocrx_word' id='word_1_15' title='bbox 576 513 668 583; x_wconf 81' lang='lat' dir='ltr'><strong>violo,</strong></span> <span class='ocrx_word' id='word_1_16' title='bbox 691 523 741 575; x_wconf 91' lang='lat' dir='ltr'><strong>aut</strong></span> <span class='ocrx_word' id='word_1_17' title='bbox 761 520 812 574; x_wconf 91' lang='lat' dir='ltr'><strong>tua</strong></span> <span class='ocrx_word' id='word_1_18' title='bbox 829 515 894 574; x_wconf 91' lang='lat' dir='ltr'><strong>iura</strong></span> <span class='ocrx_word' id='word_1_19' title='bbox 915 510 1038 574; x_wconf 79' lang='lat' dir='ltr'><strong>resolvo.</strong></span> 
     </span>
     <span class='ocr_line' id='line_1_4' title="bbox 176 597 959 676; baseline -0.001 -18"><span class='ocrx_word' id='word_1_20' title='bbox 176 597 225 658; x_wconf 91' lang='lat' dir='ltr'><strong>ille</strong></span> <span class='ocrx_word' id='word_1_21' title='bbox 242 615 340 669; x_wconf 89' lang='lat' dir='ltr'><strong>meos,</strong></span> <span class='ocrx_word' id='word_1_22' title='bbox 361 598 475 675; x_wconf 90' lang='lat' dir='ltr'><strong>primus</strong></span> <span class='ocrx_word' id='word_1_23' title='bbox 494 598 544 676; x_wconf 90' lang='lat' dir='ltr'><strong>qui</strong></span> <span class='ocrx_word' id='word_1_24' title='bbox 565 614 613 658; x_wconf 94' lang='lat' dir='ltr'><strong>me</strong></span> <span class='ocrx_word' id='word_1_25' title='bbox 634 597 690 658; x_wconf 90' lang='lat' dir='ltr'><strong>sibi</strong></span> <span class='ocrx_word' id='word_1_26' title='bbox 709 597 820 667; x_wconf 86' lang='lat' dir='ltr'><strong>iunxit,</strong></span> <span class='ocrx_word' id='word_1_27' title='bbox 843 613 959 657; x_wconf 89' lang='lat' dir='ltr'><strong>amores</strong></span> 
     </span>
     <span class='ocr_line' id='line_1_5' title="bbox 177 678 1075 770; baseline -0.003 -28"><span class='ocrx_word' id='word_1_28' title='bbox 177 681 309 748; x_wconf 79' lang='lat' dir='ltr'><strong>abstulit:</strong></span> <span class='ocrx_word' id='word_1_29' title='bbox 332 680 380 742; x_wconf 90' lang='lat' dir='ltr'><strong>ille</strong></span> <span class='ocrx_word' id='word_1_30' title='bbox 401 679 509 742; x_wconf 90' lang='lat' dir='ltr'><strong>habeat</strong></span> <span class='ocrx_word' id='word_1_31' title='bbox 531 698 632 742; x_wconf 86' lang='lat' dir='ltr'><strong>secum</strong></span> <span class='ocrx_word' id='word_1_32' title='bbox 653 689 809 760; x_wconf 75' lang='lat' dir='ltr'>servetque</span> <span class='ocrx_word' id='word_1_33' title='bbox 829 678 1010 758; x_wconf 86' lang='lat' dir='ltr'><strong>sepulchro&#39;</strong></span> <span class='ocrx_word' id='word_1_34' title='bbox 1031 689 1075 770; x_wconf 57' lang='lat'><strong>4,</strong></span> 
     </span>
     <span class='ocr_line' id='line_1_6' title="bbox 176 763 901 843; baseline 0.001 -19"><span class='ocrx_word' id='word_1_35' title='bbox 176 766 218 826; x_wconf 88' lang='lat' dir='ltr'><strong>sic</strong></span> <span class='ocrx_word' id='word_1_36' title='bbox 238 765 323 827; x_wconf 81' lang='lat' dir='ltr'><strong>effata</strong></span> <span class='ocrx_word' id='word_1_37' title='bbox 342 767 440 826; x_wconf 85' lang='lat' dir='ltr'><strong>sinum</strong></span> <span class='ocrx_word' id='word_1_38' title='bbox 461 764 589 826; x_wconf 79' lang='lat' dir='ltr'><strong>lacrimis</strong></span> <span class='ocrx_word' id='word_1_39' title='bbox 609 763 739 843; x_wconf 70' lang='lat' dir='ltr'><strong>impleuit</strong></span> <span class='ocrx_word' id='word_1_40' title='bbox 754 763 875 825; x_wconf 88' lang='lat' dir='ltr'><strong>obortis.</strong></span> <span class='ocrx_word' id='word_1_41' title='bbox 899 831 901 834; x_wconf 55' lang='grc'>,</span> 
     </span>
     <span class='ocr_line' id='line_1_7' title="bbox 218 847 918 925; baseline 0 -16"><span class='ocrx_word' id='word_1_42' title='bbox 218 849 301 909; x_wconf 77' lang='lat' dir='ltr'><strong>Anna</strong></span> <span class='ocrx_word' id='word_1_43' title='bbox 320 849 412 910; x_wconf 80' lang='lat' dir='ltr'><strong>refert</strong></span> <span class='ocrx_word' id='word_1_44' title='bbox 432 857 466 909; x_wconf 88' lang='lat' dir='ltr'><strong>‘o</strong></span> <span class='ocrx_word' id='word_1_45' title='bbox 481 847 549 910; x_wconf 82' lang='lat' dir='ltr'><strong>luce</strong></span> <span class='ocrx_word' id='word_1_46' title='bbox 567 848 659 925; x_wconf 85' lang='lat' dir='ltr'><strong>magis</strong></span> <span class='ocrx_word' id='word_1_47' title='bbox 679 847 785 910; x_wconf 71' lang='lat' dir='ltr'><strong>dileda</strong></span> <span class='ocrx_word' id='word_1_48' title='bbox 806 849 918 917; x_wconf 86' lang='lat' dir='ltr'><strong>sorori.</strong></span> 
     </span>
     <span class='ocr_line' id='line_1_8' title="bbox 177 932 888 1012; baseline -0.003 -19"><span class='ocrx_word' id='word_1_49' title='bbox 177 932 276 994; x_wconf 80' lang='lat' dir='ltr'><strong>solane</strong></span> <span class='ocrx_word' id='word_1_50' title='bbox 298 939 440 1012; x_wconf 91' lang='lat' dir='ltr'><strong>perpetua</strong></span> <span class='ocrx_word' id='word_1_51' title='bbox 460 949 597 993; x_wconf 91' lang='lat' dir='ltr'><strong>maerens</strong></span> <span class='ocrx_word' id='word_1_52' title='bbox 617 949 740 1011; x_wconf 87' lang='lat' dir='ltr'><strong>carpere</strong></span> <span class='ocrx_word' id='word_1_53' title='bbox 758 933 888 1000; x_wconf 87' lang='lat' dir='ltr'><strong>iuventa,</strong></span> 
     </span>
     <span class='ocr_line' id='line_1_9' title="bbox 177 1014 939 1094; baseline -0.004 -18"><span class='ocrx_word' id='word_1_54' title='bbox 177 1033 233 1077; x_wconf 90' lang='lat' dir='ltr'><strong>nec</strong></span> <span class='ocrx_word' id='word_1_55' title='bbox 251 1015 345 1077; x_wconf 87' lang='lat' dir='ltr'><strong>dulcis</strong></span> <span class='ocrx_word' id='word_1_56' title='bbox 367 1023 452 1077; x_wconf 90' lang='lat' dir='ltr'><strong>natos</strong></span> <span class='ocrx_word' id='word_1_57' title='bbox 473 1014 596 1076; x_wconf 84' lang='lat' dir='ltr'><strong>Veneris</strong></span> <span class='ocrx_word' id='word_1_58' title='bbox 617 1032 673 1076; x_wconf 91' lang='lat' dir='ltr'><strong>nec</strong></span> <span class='ocrx_word' id='word_1_59' title='bbox 694 1015 825 1094; x_wconf 80' lang='lat' dir='ltr'><strong>praemis</strong></span> <span class='ocrx_word' id='word_1_60' title='bbox 841 1014 939 1075; x_wconf 71' lang='lat' dir='ltr'><strong>noris?</strong></span> 
     </span>
     <span class='ocr_line' id='line_1_10' title="bbox 177 1098 953 1176; baseline -0.003 -16.349"><span class='ocrx_word' id='word_1_61' title='bbox 177 1099 206 1160; x_wconf 93' lang='lat' dir='ltr'><strong>id</strong></span> <span class='ocrx_word' id='word_1_62' title='bbox 230 1101 359 1160; x_wconf 87' lang='lat' dir='ltr'><strong>cinerem</strong></span> <span class='ocrx_word' id='word_1_63' title='bbox 377 1106 428 1161; x_wconf 88' lang='lat' dir='ltr'><strong>aut</strong></span> <span class='ocrx_word' id='word_1_64' title='bbox 445 1100 538 1160; x_wconf 83' lang='lat' dir='ltr'><strong>manis</strong></span> <span class='ocrx_word' id='word_1_65' title='bbox 561 1098 657 1160; x_wconf 91' lang='lat' dir='ltr'><strong>credis</strong></span> <span class='ocrx_word' id='word_1_66' title='bbox 678 1116 784 1160; x_wconf 89' lang='lat' dir='ltr'><strong>curare</strong></span> <span class='ocrx_word' id='word_1_67' title='bbox 804 1098 953 1176; x_wconf 70' lang='lat' dir='ltr'><strong>sepultos?</strong></span> 
     </span>
     <span class='ocr_line' id='line_1_11' title="bbox 74 1180 920 1262; baseline -0.004 -18"><span class='ocrx_word' id='word_1_68' title='bbox 74 1180 78 1195; x_wconf 73' lang='lat'><strong>¹</strong></span> <span class='ocrx_word' id='word_1_69' title='bbox 178 1191 255 1253; x_wconf 88' lang='lat' dir='ltr'><strong>esto,</strong></span> <span class='ocrx_word' id='word_1_70' title='bbox 276 1199 395 1262; x_wconf 87' lang='lat' dir='ltr'><strong>aegram</strong></span> <span class='ocrx_word' id='word_1_71' title='bbox 416 1181 489 1244; x_wconf 91' lang='lat' dir='ltr'><strong>nulli</strong></span> <span class='ocrx_word' id='word_1_72' title='bbox 511 1182 659 1262; x_wconf 91' lang='lat' dir='ltr'><strong>quondam</strong></span> <span class='ocrx_word' id='word_1_73' title='bbox 680 1182 790 1244; x_wconf 87' lang='lat' dir='ltr'><strong>llexere</strong></span> <span class='ocrx_word' id='word_1_74' title='bbox 808 1182 920 1252; x_wconf 86' lang='lat' dir='ltr'><strong>mariti,</strong></span> 
     </span>
     <span class='ocr_line' id='line_1_12' title="bbox 176 1264 966 1346; baseline -0.001 -19"><span class='ocrx_word' id='word_1_75' title='bbox 176 1284 238 1328; x_wconf 91' lang='lat' dir='ltr'><strong>non</strong></span> <span class='ocrx_word' id='word_1_76' title='bbox 258 1266 380 1346; x_wconf 79' lang='lat' dir='ltr'>Libyae,</span> <span class='ocrx_word' id='word_1_77' title='bbox 403 1285 463 1329; x_wconf 91' lang='lat' dir='ltr'><strong>non</strong></span> <span class='ocrx_word' id='word_1_78' title='bbox 485 1272 552 1328; x_wconf 85' lang='lat' dir='ltr'><strong>ante</strong></span> <span class='ocrx_word' id='word_1_79' title='bbox 574 1265 667 1345; x_wconf 79' lang='lat' dir='ltr'><strong>Tyro;</strong></span> <span class='ocrx_word' id='word_1_80' title='bbox 689 1266 845 1345; x_wconf 90' lang='lat' dir='ltr'><strong>despectus</strong></span> <span class='ocrx_word' id='word_1_81' title='bbox 865 1264 966 1326; x_wconf 82' lang='lat' dir='ltr'><strong>Iarbas</strong></span> 
     </span>
     <span class='ocr_line' id='line_1_13' title="bbox 178 1348 948 1430; baseline -0.001 -19"><span class='ocrx_word' id='word_1_82' title='bbox 178 1349 373 1430; x_wconf 74' lang='lat' dir='ltr'><strong>ductoresque</strong></span> <span class='ocrx_word' id='word_1_83' title='bbox 392 1349 456 1430; x_wconf 89' lang='lat' dir='ltr'><strong>alii,</strong></span> <span class='ocrx_word' id='word_1_84' title='bbox 480 1368 554 1430; x_wconf 90' lang='lat' dir='ltr'><strong>quos</strong></span> <span class='ocrx_word' id='word_1_85' title='bbox 573 1349 671 1411; x_wconf 79' lang='lat' dir='ltr'><strong>Africa</strong></span> <span class='ocrx_word' id='word_1_86' title='bbox 693 1357 772 1412; x_wconf 86' lang='lat' dir='ltr'><strong>terra</strong></span> <span class='ocrx_word' id='word_1_87' title='bbox 792 1348 948 1428; x_wconf 86' lang='lat' dir='ltr'><strong>triumphis</strong></span> 
     </span>
     <span class='ocr_line' id='line_1_14' title="bbox 178 1432 942 1514; baseline -0.003 -19"><span class='ocrx_word' id='word_1_88' title='bbox 178 1434 258 1496; x_wconf 88' lang='lat' dir='ltr'><strong>dives</strong></span> <span class='ocrx_word' id='word_1_89' title='bbox 280 1433 342 1495; x_wconf 89' lang='lat' dir='ltr'><strong>alit:</strong></span> <span class='ocrx_word' id='word_1_90' title='bbox 360 1435 505 1513; x_wconf 88' lang='lat' dir='ltr'><strong>placitone</strong></span> <span class='ocrx_word' id='word_1_91' title='bbox 527 1435 614 1495; x_wconf 91' lang='lat' dir='ltr'><strong>etiam</strong></span> <span class='ocrx_word' id='word_1_92' title='bbox 635 1432 781 1514; x_wconf 78' lang='lat' dir='ltr'><strong>pugnabis</strong></span> <span class='ocrx_word' id='word_1_93' title='bbox 802 1433 942 1494; x_wconf 50' lang='lat' dir='ltr'><strong>amoriix</strong></span> 
     </span>
     <span class='ocr_line' id='line_1_15' title="bbox 177 1516 1003 1598; baseline 0 -22"><span class='ocrx_word' id='word_1_94' title='bbox 177 1535 233 1578; x_wconf 91' lang='lat' dir='ltr'><strong>nec</strong></span> <span class='ocrx_word' id='word_1_95' title='bbox 252 1520 330 1579; x_wconf 83' lang='lat' dir='ltr'><strong>venit</strong></span> <span class='ocrx_word' id='word_1_96' title='bbox 349 1521 379 1579; x_wconf 94' lang='lat' dir='ltr'><strong>in</strong></span> <span class='ocrx_word' id='word_1_97' title='bbox 400 1525 543 1587; x_wconf 86' lang='lat' dir='ltr'><strong>mentem,</strong></span> <span class='ocrx_word' id='word_1_98' title='bbox 573 1536 700 1598; x_wconf 90' lang='lat' dir='ltr'><strong>quorum</strong></span> <span class='ocrx_word' id='word_1_99' title='bbox 719 1517 888 1580; x_wconf 87' lang='lat' dir='ltr'><strong>consederis</strong></span> <span class='ocrx_word' id='word_1_100' title='bbox 909 1516 1003 1578; x_wconf 73' lang='lat' dir='ltr'><strong>arrisi</strong></span> 
     </span>
     <span class='ocr_line' id='line_1_16' title="bbox 177 1596 1202 1680; baseline 0 -18"><span class='ocrx_word' id='word_1_101' title='bbox 177 1601 246 1662; x_wconf 90' lang='lat' dir='ltr'><strong>hinc</strong></span> <span class='ocrx_word' id='word_1_102' title='bbox 268 1601 405 1663; x_wconf 86' lang='lat' dir='ltr'><strong>Gaetulae</strong></span> <span class='ocrx_word' id='word_1_103' title='bbox 426 1601 533 1672; x_wconf 88' lang='lat' dir='ltr'><strong>urbes,</strong></span> <span class='ocrx_word' id='word_1_104' title='bbox 552 1618 646 1680; x_wconf 85' lang='lat' dir='ltr'><strong>genus</strong></span> <span class='ocrx_word' id='word_1_105' title='bbox 662 1599 860 1680; x_wconf 85' lang='lat' dir='ltr'><strong>insuperabile</strong></span> <span class='ocrx_word' id='word_1_106' title='bbox 879 1599 973 1670; x_wconf 82' lang='lat' dir='ltr'><strong>bello,</strong></span> <span class='ocrx_word' id='word_1_107' title='bbox 1133 1649 1139 1663; x_wconf 84' lang='grc'><strong>.</strong></span> <span class='ocrx_word' id='word_1_108' title='bbox 1164 1596 1202 1680; x_wconf 70' lang='lat' dir='ltr'><strong>g&#39;e</strong></span> 
     </span>
     <span class='ocr_line' id='line_1_17' title="bbox 179 1684 973 1764; baseline 0.001 -19"><span class='ocrx_word' id='word_1_109' title='bbox 179 1692 207 1745; x_wconf 88' lang='lat' dir='ltr'><strong>et</strong></span> <span class='ocrx_word' id='word_1_110' title='bbox 223 1684 367 1746; x_wconf 88' lang='lat' dir='ltr'><strong>Numidae</strong></span> <span class='ocrx_word' id='word_1_111' title='bbox 384 1684 491 1746; x_wconf 80' lang='lat' dir='ltr'><strong>infreni</strong></span> <span class='ocrx_word' id='word_1_112' title='bbox 511 1687 633 1763; x_wconf 89' lang='lat' dir='ltr'><strong>cingunt</strong></span> <span class='ocrx_word' id='word_1_113' title='bbox 653 1692 683 1747; x_wconf 90' lang='lat' dir='ltr'><strong>et</strong></span> <span class='ocrx_word' id='word_1_114' title='bbox 702 1685 848 1763; x_wconf 80' lang='lat' dir='ltr'><strong>inhospita</strong></span> <span class='ocrx_word' id='word_1_115' title='bbox 866 1685 973 1764; x_wconf 80' lang='lat' dir='ltr'><strong>Syrtis,</strong></span> 
     </span>
     <span class='ocr_line' id='line_1_18' title="bbox 177 1767 846 1848; baseline 0.001 -18"><span class='ocrx_word' id='word_1_116' title='bbox 177 1767 246 1830; x_wconf 92' lang='lat' dir='ltr'><strong>binc</strong></span> <span class='ocrx_word' id='word_1_117' title='bbox 269 1768 384 1831; x_wconf 88' lang='lat' dir='ltr'><strong>deserta</strong></span> <span class='ocrx_word' id='word_1_118' title='bbox 405 1768 452 1829; x_wconf 90' lang='lat' dir='ltr'><strong>siti</strong></span> <span class='ocrx_word' id='word_1_119' title='bbox 471 1769 555 1846; x_wconf 84' lang='lat' dir='ltr'><strong>regio</strong></span> <span class='ocrx_word' id='word_1_120' title='bbox 576 1767 692 1848; x_wconf 80' lang='lat' dir='ltr'><strong>lateque</strong></span> <span class='ocrx_word' id='word_1_121' title='bbox 708 1769 846 1831; x_wconf 39' lang='lat' dir='ltr'><strong>&gt;furentes</strong></span> 
     </span>
     <span class='ocr_line' id='line_1_19' title="bbox 177 1850 906 1932; baseline 0 -18"><span class='ocrx_word' id='word_1_122' title='bbox 177 1852 309 1914; x_wconf 75' lang='lat' dir='ltr'><strong>barcaei.</strong></span> <span class='ocrx_word' id='word_1_123' title='bbox 353 1852 424 1932; x_wconf 91' lang='lat' dir='ltr'><strong>quid</strong></span> <span class='ocrx_word' id='word_1_124' title='bbox 443 1850 520 1914; x_wconf 78' lang='lat' dir='ltr'><strong>belle</strong></span> <span class='ocrx_word' id='word_1_125' title='bbox 537 1851 616 1931; x_wconf 78' lang='lat' dir='ltr'><strong>Tyro</strong></span> <span class='ocrx_word' id='word_1_126' title='bbox 637 1854 787 1932; x_wconf 79' lang='lat' dir='ltr'><strong>surgentia</strong></span> <span class='ocrx_word' id='word_1_127' title='bbox 809 1853 906 1914; x_wconf 87' lang='lat' dir='ltr'><strong>dicam</strong></span> 
     </span>
     <span class='ocr_line' id='line_1_20' title="bbox 177 1936 501 2016; baseline -0.006 -18"><span class='ocrx_word' id='word_1_128' title='bbox 177 1938 368 2016; x_wconf 79' lang='lat' dir='ltr'><strong>germanique</strong></span> <span class='ocrx_word' id='word_1_129' title='bbox 387 1936 501 1998; x_wconf 81' lang='lat' dir='ltr'><strong>minasi</strong></span> 
     </span>
     <span class='ocr_line' id='line_1_21' title="bbox 178 2019 1200 2100; baseline 0.003 -17"><span class='ocrx_word' id='word_1_130' title='bbox 178 2020 221 2083; x_wconf 87' lang='lat' dir='ltr'><strong>dis</strong></span> <span class='ocrx_word' id='word_1_131' title='bbox 242 2020 378 2100; x_wconf 87' lang='lat' dir='ltr'><strong>equidem</strong></span> <span class='ocrx_word' id='word_1_132' title='bbox 398 2019 566 2100; x_wconf 85' lang='lat' dir='ltr'><strong>auspicibus</strong></span> <span class='ocrx_word' id='word_1_133' title='bbox 582 2037 652 2083; x_wconf 91' lang='lat' dir='ltr'><strong>reor</strong></span> <span class='ocrx_word' id='word_1_134' title='bbox 674 2027 704 2082; x_wconf 90' lang='lat' dir='ltr'><strong>et</strong></span> <span class='ocrx_word' id='word_1_135' title='bbox 723 2020 836 2083; x_wconf 92' lang='lat' dir='ltr'><strong>lunone</strong></span> <span class='ocrx_word' id='word_1_136' title='bbox 857 2020 986 2083; x_wconf 89' lang='lat' dir='ltr'><strong>secunda</strong></span> <span class='ocrx_word' id='word_1_137' title='bbox 1166 2032 1200 2086; x_wconf 74' lang='lat' dir='ltr'><strong>te</strong></span> 
     </span>
     <span class='ocr_line' id='line_1_22' title="bbox 178 2103 918 2182; baseline 0.004 -17"><span class='ocrx_word' id='word_1_138' title='bbox 178 2103 258 2182; x_wconf 84' lang='lat' dir='ltr'><strong>buno</strong></span> <span class='ocrx_word' id='word_1_139' title='bbox 281 2122 400 2166; x_wconf 89' lang='lat' dir='ltr'><strong>cursum</strong></span> <span class='ocrx_word' id='word_1_140' title='bbox 419 2103 520 2168; x_wconf 83' lang='lat' dir='ltr'><strong>lliscas</strong></span> <span class='ocrx_word' id='word_1_141' title='bbox 539 2111 627 2168; x_wconf 79' lang='lat' dir='ltr'><strong>vento</strong></span> <span class='ocrx_word' id='word_1_142' title='bbox 644 2106 773 2168; x_wconf 86' lang='lat' dir='ltr'><strong>tenuisse</strong></span> <span class='ocrx_word' id='word_1_143' title='bbox 795 2106 918 2168; x_wconf 86' lang='lat' dir='ltr'><strong>carinas</strong></span> 
     </span>
     <span class='ocr_line' id='line_1_23' title="bbox 177 2188 1172 2269; baseline -0.001 -20"><span class='ocrx_word' id='word_1_144' title='bbox 177 2205 265 2267; x_wconf 90' lang='lat' dir='ltr'><strong>quam</strong></span> <span class='ocrx_word' id='word_1_145' title='bbox 286 2194 318 2250; x_wconf 91' lang='lat' dir='ltr'><strong>tu</strong></span> <span class='ocrx_word' id='word_1_146' title='bbox 336 2189 456 2259; x_wconf 85' lang='lat' dir='ltr'><strong>urbem,</strong></span> <span class='ocrx_word' id='word_1_147' title='bbox 476 2207 576 2261; x_wconf 86' lang='lat' dir='ltr'><strong>soror,</strong></span> <span class='ocrx_word' id='word_1_148' title='bbox 597 2188 675 2252; x_wconf 79' lang='lat' dir='ltr'><strong>bene</strong></span> <span class='ocrx_word' id='word_1_149' title='bbox 697 2207 816 2261; x_wconf 86' lang='lat' dir='ltr'><strong>cernes,</strong></span> <span class='ocrx_word' id='word_1_150' title='bbox 836 2206 912 2269; x_wconf 86' lang='lat' dir='ltr'><strong>quse</strong></span> <span class='ocrx_word' id='word_1_151' title='bbox 933 2204 1056 2266; x_wconf 75' lang='lat' dir='ltr'><strong>surgere</strong></span> <span class='ocrx_word' id='word_1_152' title='bbox 1078 2205 1172 2266; x_wconf 82' lang='lat' dir='ltr'><strong>regna</strong></span> 
     </span>
     <span class='ocr_line' id='line_1_24' title="bbox 178 2270 913 2348; baseline 0.007 -17"><span class='ocrx_word' id='word_1_153' title='bbox 178 2272 314 2348; x_wconf 89' lang='lat' dir='ltr'><strong>coniugio</strong></span> <span class='ocrx_word' id='word_1_154' title='bbox 335 2270 398 2334; x_wconf 85' lang='lat' dir='ltr'><strong>tali!</strong></span> <span class='ocrx_word' id='word_1_155' title='bbox 426 2273 575 2336; x_wconf 85' lang='lat' dir='ltr'><strong>Teucrum</strong></span> <span class='ocrx_word' id='word_1_156' title='bbox 597 2273 802 2336; x_wconf 76' lang='lat' dir='ltr'><strong>comitantibus</strong></span> <span class='ocrx_word' id='word_1_157' title='bbox 823 2273 913 2335; x_wconf 82' lang='lat' dir='ltr'><strong>ermis</strong></span> 
     </span>
     <span class='ocr_line' id='line_1_25' title="bbox 176 2354 839 2436; baseline 0.005 -22"><span class='ocrx_word' id='word_1_158' title='bbox 176 2354 285 2415; x_wconf 91' lang='lat' dir='ltr'><strong>Punica</strong></span> <span class='ocrx_word' id='word_1_159' title='bbox 305 2372 337 2417; x_wconf 92' lang='lat' dir='ltr'><strong>se</strong></span> <span class='ocrx_word' id='word_1_160' title='bbox 356 2357 473 2436; x_wconf 86' lang='lat' dir='ltr'><strong>quantis</strong></span> <span class='ocrx_word' id='word_1_161' title='bbox 494 2356 606 2420; x_wconf 80' lang='lat' dir='ltr'><strong>attollet</strong></span> <span class='ocrx_word' id='word_1_162' title='bbox 624 2357 717 2436; x_wconf 83' lang='lat' dir='ltr'><strong>gloria</strong></span> <span class='ocrx_word' id='word_1_163' title='bbox 734 2357 839 2419; x_wconf 85' lang='lat' dir='ltr'><strong>rebus!</strong></span> 
     </span>
     <span class='ocr_line' id='line_1_26' title="bbox 177 2437 1202 2536; baseline 0.01 -40"><span class='ocrx_word' id='word_1_164' title='bbox 177 2445 209 2498; x_wconf 88' lang='lat' dir='ltr'><strong>tu</strong></span> <span class='ocrx_word' id='word_1_165' title='bbox 230 2437 319 2499; x_wconf 94' lang='lat' dir='ltr'><strong>modo</strong></span> <span class='ocrx_word' id='word_1_166' title='bbox 341 2456 431 2517; x_wconf 88' lang='lat' dir='ltr'><strong>posce</strong></span> <span class='ocrx_word' id='word_1_167' title='bbox 449 2439 520 2502; x_wconf 84' lang='lat' dir='ltr'><strong>deos</strong></span> <span class='ocrx_word' id='word_1_168' title='bbox 541 2441 656 2503; x_wconf 80' lang='lat' dir='ltr'><strong>reniam</strong></span> <span class='ocrx_word' id='word_1_169' title='bbox 673 2442 823 2536; x_wconf 59' lang='lat' dir='ltr'><strong>equisque</strong></span> <span class='ocrx_word' id='word_1_170' title='bbox 845 2439 932 2530; x_wconf 69' lang='lat' dir='ltr'><strong>litatis</strong></span> <span class='ocrx_word' id='word_1_171' title='bbox 1164 2451 1202 2506; x_wconf 66' lang='grc' dir='ltr'><strong><em>Μ</em></strong></span> 
     </span>
     <span class='ocr_line' id='line_1_27' title="bbox 177 2518 914 2602; baseline 0.005 -21"><span class='ocrx_word' id='word_1_172' title='bbox 177 2518 297 2598; x_wconf 89' lang='lat' dir='ltr'><strong>indulge</strong></span> <span class='ocrx_word' id='word_1_173' title='bbox 318 2521 443 2601; x_wconf 89' lang='lat' dir='ltr'><strong>hospitio</strong></span> <span class='ocrx_word' id='word_1_174' title='bbox 463 2540 626 2602; x_wconf 79' lang='lat' dir='ltr'><strong>causasque</strong></span> <span class='ocrx_word' id='word_1_175' title='bbox 643 2523 760 2586; x_wconf 84' lang='lat' dir='ltr'><strong>bmecte</strong></span> <span class='ocrx_word' id='word_1_176' title='bbox 779 2524 914 2585; x_wconf 93' lang='lat' dir='ltr'><strong>morandi</strong></span> 
     </span>
     <span class='ocr_line' id='line_1_28' title="bbox 177 2571 988 2685; baseline 0.005 -20"><span class='ocrx_word' id='word_1_177' title='bbox 177 2605 247 2665; x_wconf 86' lang='lat' dir='ltr'><strong>dum</strong></span> <span class='ocrx_word' id='word_1_178' title='bbox 268 2603 372 2685; x_wconf 87' lang='lat' dir='ltr'><strong>pelago</strong></span> <span class='ocrx_word' id='word_1_179' title='bbox 394 2606 521 2667; x_wconf 82' lang='lat' dir='ltr'><strong>desaevit</strong></span> <span class='ocrx_word' id='word_1_180' title='bbox 539 2605 654 2683; x_wconf 86' lang='lat' dir='ltr'><strong>hiemps</strong></span> <span class='ocrx_word' id='word_1_181' title='bbox 677 2614 706 2669; x_wconf 90' lang='lat' dir='ltr'><strong>ot</strong></span> <span class='ocrx_word' id='word_1_182' title='bbox 727 2624 855 2685; x_wconf 84' lang='lat' dir='ltr'><strong>aquosus</strong></span> <span class='ocrx_word' id='word_1_183' title='bbox 877 2571 988 2678; x_wconf 73' lang='lat' dir='ltr'><strong>orben,</strong></span> 
     </span>
     <span class='ocr_line' id='line_1_29' title="bbox 178 2687 1038 2781; baseline 0.005 -32"><span class='ocrx_word' id='word_1_184' title='bbox 178 2695 388 2781; x_wconf 69' lang='lat' dir='ltr'><strong>quassataqaptp</strong></span> <span class='ocrx_word' id='word_1_185' title='bbox 406 2696 485 2772; x_wconf 83' lang='lat' dir='ltr'><strong>rates</strong></span> <span class='ocrx_word' id='word_1_186' title='bbox 507 2687 592 2770; x_wconf 92' lang='lat' dir='ltr'><strong>[dum</strong></span> <span class='ocrx_word' id='word_1_187' title='bbox 612 2706 673 2750; x_wconf 93' lang='lat' dir='ltr'><strong>non</strong></span> <span class='ocrx_word' id='word_1_188' title='bbox 691 2688 845 2752; x_wconf 73' lang='lat' dir='ltr'><strong>mactabile</strong></span> <span class='ocrx_word' id='word_1_189' title='bbox 862 2688 1038 2772; x_wconf 52' lang='lat' dir='ltr'><strong>caelum.]·&#39;,</strong></span> 
     </span>
     <span class='ocr_line' id='line_1_30' title="bbox 125 2765 1083 2852; baseline -0.001 -20"><span class='ocrx_word' id='word_1_190' title='bbox 125 2802 133 2809; x_wconf 89' lang='lat'>·</span> <span class='ocrx_word' id='word_1_191' title='bbox 166 2795 180 2804; x_wconf 84' lang='lat'>-</span> <span class='ocrx_word' id='word_1_192' title='bbox 218 2769 269 2832; x_wconf 89' lang='lat' dir='ltr'><strong>llis</strong></span> <span class='ocrx_word' id='word_1_193' title='bbox 291 2771 377 2833; x_wconf 77' lang='lat' dir='ltr'><strong>dictis·</strong></span> <span class='ocrx_word' id='word_1_194' title='bbox 395 2765 682 2852; x_wconf 68' lang='lat' dir='ltr'><strong>impinsomnimum</strong></span> <span class='ocrx_word' id='word_1_195' title='bbox 701 2772 866 2836; x_wconf 84' lang='lat' dir='ltr'><strong>flammavit</strong></span> <span class='ocrx_word' id='word_1_196' title='bbox 878 2792 1011 2847; x_wconf 53' lang='lat' dir='ltr'><strong>amore,</strong></span> <span class='ocrx_word' id='word_1_197' title='bbox 1077 2812 1083 2831; x_wconf 84' lang='lat'><em>.</em></span> 
     </span>
     <span class='ocr_line' id='line_1_31' title="bbox 177 2807 1199 2943; baseline 0.007 -29"><span class='ocrx_word' id='word_1_198' title='bbox 177 2872 319 2934; x_wconf 85' lang='lat' dir='ltr'><strong>spemque</strong></span> <span class='ocrx_word' id='word_1_199' title='bbox 337 2807 421 2918; x_wconf 78' lang='lat' dir='ltr'><strong>debit</strong></span> <span class='ocrx_word' id='word_1_200' title='bbox 437 2832 550 2943; x_wconf 66' lang='lat' dir='ltr'><strong>omisi</strong></span> <span class='ocrx_word' id='word_1_201' title='bbox 564 2857 661 2920; x_wconf 84' lang='lat' dir='ltr'><strong>menti-</strong></span> <span class='ocrx_word' id='word_1_202' title='bbox 670 2856 816 2938; x_wconf 85' lang='lat' dir='ltr'><strong>solvitque.</strong></span> <span class='ocrx_word' id='word_1_203' title='bbox 828 2858 983 2938; x_wconf 82' lang='lat' dir='ltr'><strong>pudorem.</strong></span> <span class='ocrx_word' id='word_1_204' title='bbox 1164 2867 1199 2921; x_wconf 72' lang='lat'><strong>55</strong></span> 
     </span>
     <span class='ocr_line' id='line_1_32' title="bbox 177 2939 1080 3025; baseline 0.007 -26"><span class='ocrx_word' id='word_1_205' title='bbox 177 2939 321 3018; x_wconf 90' lang='lat' dir='ltr'><strong>principio</strong></span> <span class='ocrx_word' id='word_1_206' title='bbox 343 2939 478 3015; x_wconf 71' lang='lat' dir='ltr'><strong>delubra</strong></span> <span class='ocrx_word' id='word_1_207' title='bbox 487 2941 605 3004; x_wconf 76' lang='lat' dir='ltr'><strong>adeunt</strong></span> <span class='ocrx_word' id='word_1_208' title='bbox 616 2959 779 3025; x_wconf 81' lang='lat' dir='ltr'><strong>pacemque</strong></span> <span class='ocrx_word' id='word_1_209' title='bbox 798 2960 853 3022; x_wconf 90' lang='lat' dir='ltr'><strong>per</strong></span> <span class='ocrx_word' id='word_1_210' title='bbox 871 2960 937 3005; x_wconf 84' lang='lat' dir='ltr'><strong>aras</strong></span> <span class='ocrx_word' id='word_1_211' title='bbox 1065 2972 1080 3005; x_wconf 71' lang='lat' dir='ltr'><em>s</em></span> 
     </span>
     <span class='ocr_line' id='line_1_33' title="bbox 178 3012 1043 3203; baseline 0.002 -120"><span class='ocrx_word' id='word_1_212' title='bbox 178 3023 349 3102; x_wconf 85' lang='lat' dir='ltr'><strong>exquirunt·</strong></span> <span class='ocrx_word' id='word_1_213' title='bbox 372 3012 607 3099; x_wconf 75' lang='lat' dir='ltr'><strong>mactaoblectas</strong></span> <span class='ocrx_word' id='word_1_214' title='bbox 623 3025 660 3087; x_wconf 90' lang='lat' dir='ltr'><strong>de</strong></span> <span class='ocrx_word' id='word_1_215' title='bbox 680 3045 764 3089; x_wconf 88' lang='lat' dir='ltr'><strong>more</strong></span> <span class='ocrx_word' id='word_1_216' title='bbox 785 3027 911 3090; x_wconf 86' lang='lat' dir='ltr'><strong>bidentis</strong></span> <span class='ocrx_word' id='word_1_217' title='bbox 998 3060 1001 3067; x_wconf 95' lang='lat'><em>·</em></span> <span class='ocrx_word' id='word_1_218' title='bbox 1022 3034 1043 3203; x_wconf 70' lang='lat'><strong>{&#39;</strong></span> 
     </span>
    </p>
   </div>
   <div class='ocr_carea' id='block_1_3' title="bbox 87 3070 1199 3608">
    <p class='ocr_par' dir='ltr' id='par_1_3' title="bbox 176 3070 1045 3200">
     <span class='ocr_line' id='line_1_34' title="bbox 176 3070 1045 3200; baseline 0.01 -34"><span class='ocrx_word' id='word_1_219' title='bbox 176 3105 315 3183; x_wconf 87' lang='lat' dir='ltr'><strong>legiferae</strong></span> <span class='ocrx_word' id='word_1_220' title='bbox 334 3070 437 3200; x_wconf 74' lang='lat' dir='ltr'><strong>bereri</strong></span> <span class='ocrx_word' id='word_1_221' title='bbox 455 3109 635 3189; x_wconf 85' lang='lat' dir='ltr'><strong>Phoeboque</strong></span> <span class='ocrx_word' id='word_1_222' title='bbox 657 3113 791 3190; x_wconf 89' lang='lat' dir='ltr'><strong>patrique</strong></span> <span class='ocrx_word' id='word_1_223' title='bbox 812 3113 925 3191; x_wconf 79' lang='lat' dir='ltr'><strong>Lyaeo,</strong></span> <span class='ocrx_word' id='word_1_224' title='bbox 1013 3112 1045 3189; x_wconf 61' lang='lat' dir='ltr'><strong>ts:</strong></span> 
     </span>
    </p>

    <p class='ocr_par' dir='ltr' id='par_1_4' title="bbox 176 3189 1043 3272">
     <span class='ocr_line' id='line_1_35' title="bbox 176 3189 1043 3272; baseline 0.012 -23"><span class='ocrx_word' id='word_1_225' title='bbox 176 3189 281 3250; x_wconf 90' lang='lat' dir='ltr'><strong>lunoni</strong></span> <span class='ocrx_word' id='word_1_226' title='bbox 302 3199 369 3254; x_wconf 90' lang='lat' dir='ltr'><strong>ante</strong></span> <span class='ocrx_word' id='word_1_227' title='bbox 390 3195 500 3264; x_wconf 86' lang='lat' dir='ltr'><strong>omnis,</strong></span> <span class='ocrx_word' id='word_1_228' title='bbox 522 3196 571 3266; x_wconf 87' lang='lat' dir='ltr'><strong>cui</strong></span> <span class='ocrx_word' id='word_1_229' title='bbox 590 3193 684 3257; x_wconf 84' lang='lat' dir='ltr'><strong>vincla</strong></span> <span class='ocrx_word' id='word_1_230' title='bbox 705 3195 811 3272; x_wconf 90' lang='lat' dir='ltr'><strong>iugalia</strong></span> <span class='ocrx_word' id='word_1_231' title='bbox 828 3190 931 3258; x_wconf 78' lang='lat' dir='ltr'><strong>curse.</strong></span> <span class='ocrx_word' id='word_1_232' title='bbox 1017 3194 1043 3255; x_wconf 61' lang='lat' dir='ltr'><strong>li</strong></span> 
     </span>
    </p>

    <p class='ocr_par' dir='ltr' id='par_1_5' title="bbox 176 3252 1199 3432">
     <span class='ocr_line' id='line_1_36' title="bbox 176 3252 1199 3369; baseline 0.01 -35"><span class='ocrx_word' id='word_1_233' title='bbox 176 3273 238 3351; x_wconf 89' lang='lat' dir='ltr'><strong>ipsa</strong></span> <span class='ocrx_word' id='word_1_234' title='bbox 261 3281 364 3337; x_wconf 85' lang='lat' dir='ltr'><strong>tenens</strong></span> <span class='ocrx_word' id='word_1_235' title='bbox 383 3276 486 3338; x_wconf 83' lang='lat' dir='ltr'><strong>dextra</strong></span> <span class='ocrx_word' id='word_1_236' title='bbox 506 3285 640 3354; x_wconf 86' lang='lat' dir='ltr'><strong>pateram</strong></span> <span class='ocrx_word' id='word_1_237' title='bbox 660 3277 859 3354; x_wconf 88' lang='lat' dir='ltr'><strong>pulcherrima</strong></span> <span class='ocrx_word' id='word_1_238' title='bbox 877 3278 953 3340; x_wconf 84' lang='lat' dir='ltr'><strong>nido</strong></span> <span class='ocrx_word' id='word_1_239' title='bbox 1021 3252 1037 3369; x_wconf 54' lang='lat' dir='ltr'><strong>h</strong></span> <span class='ocrx_word' id='word_1_240' title='bbox 1163 3285 1199 3344; x_wconf 80' lang='lat' dir='ltr'><strong>te</strong></span> 
     </span>
     <span class='ocr_line' id='line_1_37' title="bbox 176 3357 946 3432; baseline 0.006 -15"><span class='ocrx_word' id='word_1_241' title='bbox 176 3357 326 3418; x_wconf 86' lang='lat' dir='ltr'><strong>candentis</strong></span> <span class='ocrx_word' id='word_1_242' title='bbox 345 3377 449 3421; x_wconf 81' lang='lat' dir='ltr'><strong>vaccae</strong></span> <span class='ocrx_word' id='word_1_243' title='bbox 470 3360 566 3422; x_wconf 90' lang='lat' dir='ltr'><strong>media</strong></span> <span class='ocrx_word' id='word_1_244' title='bbox 586 3361 664 3420; x_wconf 89' lang='lat' dir='ltr'><strong>inter</strong></span> <span class='ocrx_word' id='word_1_245' title='bbox 686 3377 798 3422; x_wconf 84' lang='lat' dir='ltr'><strong>cornua</strong></span> <span class='ocrx_word' id='word_1_246' title='bbox 819 3361 946 3432; x_wconf 76' lang='lat' dir='ltr'><strong>fundit,&#39;</strong></span> 
     </span>
    </p>

    <p class='ocr_par' dir='ltr' id='par_1_6' title="bbox 87 3439 943 3523">
     <span class='ocr_line' id='line_1_38' title="bbox 87 3439 943 3523; baseline 0.008 -22"><span class='ocrx_word' id='word_1_247' title='bbox 87 3440 92 3449; x_wconf 92' lang='lat'>&#39;</span> <span class='ocrx_word' id='word_1_248' title='bbox 176 3447 226 3501; x_wconf 87' lang='lat' dir='ltr'><strong>aut</strong></span> <span class='ocrx_word' id='word_1_249' title='bbox 247 3449 387 3505; x_wconf 77' lang='lat' dir='ltr'><strong>anteora</strong></span> <span class='ocrx_word' id='word_1_250' title='bbox 408 3439 496 3505; x_wconf 87' lang='lat' dir='ltr'><strong>deum</strong></span> <span class='ocrx_word' id='word_1_251' title='bbox 516 3445 633 3523; x_wconf 85' lang='lat' dir='ltr'><strong>pinguis</strong></span> <span class='ocrx_word' id='word_1_252' title='bbox 654 3444 795 3522; x_wconf 79' lang='lat' dir='ltr'><strong>spatiatur</strong></span> <span class='ocrx_word' id='word_1_253' title='bbox 816 3446 853 3508; x_wconf 88' lang='lat' dir='ltr'><strong>ad</strong></span> <span class='ocrx_word' id='word_1_254' title='bbox 876 3464 943 3508; x_wconf 83' lang='lat' dir='ltr'><strong>arae</strong></span> 
     </span>
    </p>

    <p class='ocr_par' dir='ltr' id='par_1_7' title="bbox 176 3525 949 3608">
     <span class='ocr_line' id='line_1_39' title="bbox 176 3525 949 3608; baseline 0.004 -20"><span class='ocrx_word' id='word_1_255' title='bbox 176 3525 375 3606; x_wconf 88' lang='lat' dir='ltr'><strong>instauratque</strong></span> <span class='ocrx_word' id='word_1_256' title='bbox 397 3527 474 3590; x_wconf 73' lang='lat' dir='ltr'><strong>hem</strong></span> <span class='ocrx_word' id='word_1_257' title='bbox 496 3527 580 3590; x_wconf 93' lang='lat' dir='ltr'><strong>donis</strong></span> <span class='ocrx_word' id='word_1_258' title='bbox 600 3526 807 3608; x_wconf 87' lang='lat' dir='ltr'><strong>pecudumque</strong></span> <span class='ocrx_word' id='word_1_259' title='bbox 826 3531 949 3593; x_wconf 83' lang='lat' dir='ltr'><strong>reclusis</strong></span> 
     </span>
    </p>
   </div>
   <div class='ocr_carea' id='block_1_4' title="bbox 0 0 1260 4096">
    <p class='ocr_par' dir='ltr' id='par_1_8' title="bbox 0 0 1260 4096">
     <span class='ocr_line' id='line_1_40' title="bbox 0 0 1260 4096; baseline 0 0"><span class='ocrx_word' id='word_1_260' title='bbox 0 0 1260 4096; x_wconf 95' lang='lat' dir='ltr'><strong> </strong></span> 
     </span>
    </p>
   </div>
  </div>
 </body>
</html>
