2512 4096
458 280 603 329 vnnalnl
624 281 749 330 anunm
775 282 810 329 lll

123 441 235 519 antiqui
256 440 386 510 Ausonii,
410 457 485 518 quae
504 456 555 500 vos
577 439 693 500 lortuna
714 439 828 517 quietos

121 523 258 586 sollicitat
278 524 438 601 suadetque
459 525 557 601 ignota
577 522 723 584 lacessere
744 521 839 585 bellat

122 609 299 688 quicumque
321 605 424 668 lhacos
441 607 522 667 terro
544 605 715 667 violavimus
737 623 825 684 agros
1080 617 1130 668 eoo

122 691 216 771 (mitto
240 709 283 760 ee,
303 708 378 770 quae
395 691 490 751 muris
510 688 648 750 bellando
675 689 815 750 exhausta
836 690 890 751 sub
914 692 986 761 altis,

122 792 197 854 quos
215 774 323 835 Simois
343 782 458 852 premat
478 772 526 833 ille
546 773 645 852 viros),
663 772 781 833 infanda
803 791 858 852 per
879 773 982 835 orbem

122 857 265 936 supplicia
287 866 317 919 et
336 856 483 918 scelerum
504 873 615 936 poenas
636 856 828 934 expendimus
850 875 961 929 omnes,

123 940 170 1002 rel
187 942 306 1002 Priamo
327 941 494 1001 miseranda
515 958 635 1001 manus:
657 942 713 1001 scit
734 943 817 1001 triste
838 942 986 1003 Minervae

124 1024 207 1085 sidus
229 1031 258 1085 et
276 1023 424 1085 Euboicae
446 1032 546 1085 cautes
565 1023 702 1102 ultorque
721 1024 898 1102 Caphereus.

124 1106 225 1167 militia
248 1125 284 1167 ex
304 1107 352 1168 illa
371 1108 516 1168 diversum
535 1106 572 1168 ad
593 1106 661 1170 litus
678 1106 774 1169 abacti
952 1105 955 1111 ’

126 1190 240 1258 Atrides
260 1190 360 1250 Protei
380 1190 529 1251 Menelaus
546 1191 678 1270 adusque
699 1190 851 1253 columnas

124 1273 232 1342 exulat,
254 1273 398 1333 Aetnaeos
417 1272 487 1334 vidit
508 1271 650 1352 Cyclopas
666 1273 774 1336 Ulixes.

123 1358 188 1435 ipse
206 1356 380 1434 Mycenaeus
398 1373 573 1432 magnorum
596 1358 700 1417 ductor
718 1357 857 1417 Achivom

125 1439 258 1515 coniugis
278 1440 414 1500 mlandae
435 1441 530 1517 prima
551 1441 632 1500 inter·
647 1439 745 1499 limina
769 1441 869 1499 dextra

125 1523 262 1599 oppetiit:
284 1523 428 1583 devictam
444 1522 542 1582 esiam
558 1522 690 1583 subsedit
709 1522 834 1583 adulter.

125 1623 216 1682 regna
236 1605 419 1684 Neoptolemi
440 1605 568 1666 referam
590 1623 748 1683 versosque
771 1613 890 1683 penates

124 1688 291 1749 laomeneit
310 1688 459 1767 Libycone
480 1688 636 1748 habitantis
657 1687 742 1748 litore
763 1688 891 1749 Locrosl

125 1772 263 1832 invidisse
283 1772 363 1842 deos,
380 1772 487 1850 ‘patriis
508 1780 540 1832 ul
561 1772 693 1832 redditus
713 1772 772 1831 aris

125 1856 291 1932 coniugium
312 1863 443 1934 optatum
466 1862 495 1916 et
517 1854 670 1934 pulchram
693 1853 839 1933 Calydona
860 1852 1008 1915 viderem?

125 1940 310 1999 nuncetiam
331 1938 466 2003 horribili
486 1940 550 1998 risu
567 1944 704 2015 portenta
725 1945 873 2004 secuntur,

126 2028 155 2081 et
175 2022 247 2080 socii
269 2021 367 2082 amissi
387 2023 534 2098 petierunt
555 2021 674 2080 aethera
695 2021 792 2097 pinnis

128 2102 355 2181 fluminibusque
374 2111 517 2178 vagantur
539 2121 606 2162 aves
625 2102 694 2180 (heu
714 2103 776 2161 dira
798 2118 932 2162 meorum

126 2185 292 2264 supplicitei)
313 2193 343 2247 et
361 2185 499 2262 scopulos
519 2184 682 2245 lacrimosis
698 2184 819 2245 vocibus
838 2182 970 2261 implent.

125 2268 200 2328 baec
219 2268 292 2329 adeo
312 2287 348 2330 ex
369 2267 418 2329 illo
437 2267 509 2328 mihi
530 2268 588 2327 iam
606 2267 751 2344 speranda
769 2267 890 2329 luerunt

127 2359 269 2430 tempore,
292 2371 359 2412 cum
381 2351 461 2412 lerro
484 2348 619 2412 caelestia
641 2367 767 2429 corpora
789 2351 910 2411 demens

126 2434 234 2513 adpetii
253 2442 283 2496 et
304 2434 426 2498 Veneris
444 2433 547 2494 violari
566 2432 687 2495 volnere
709 2434 852 2495 dextram.

126 2535 165 2581 ne
187 2535 267 2592 vero,
289 2535 327 2578 ne
347 2537 396 2578 me
418 2518 455 2579 ad
476 2516 539 2578 talis
559 2515 688 2594 inpellite
709 2535 838 2595 pugnas:

128 2617 182 2661 nec
203 2600 275 2661 mibi
294 2619 360 2662 cum
384 2601 507 2663 Teucris
525 2600 617 2662 ullum
638 2607 706 2678 post
727 2609 809 2662 eruta
831 2599 941 2662 bellum

126 2685 278 2762 Pergama,
301 2703 357 2746 nec
374 2693 506 2747 veterum
527 2684 647 2747 memini
668 2683 797 2745 laetorve
817 2683 972 2745 malorum.

126 2784 258 2837 munera,
282 2785 357 2845 quae
378 2770 480 2847 patriis
502 2769 608 2829 adme
629 2769 752 2850 portatis
771 2768 807 2828 ab
830 2769 900 2838 oris,

126 2851 231 2910 vertite
248 2851 286 2910 ad
308 2854 435 2912 Aenean.
466 2853 599 2911 stetimus
619 2850 676 2910 tela
695 2864 805 2928 aspera·
817 2858 920 2911 contra

127 2931 362 3010 contulimusque
379 2951 499 2993 manus:
522 2939 643 3009 experto
666 2934 785 3002 credite,
807 2939 933 3010 quantus

126 3016 157 3075 in
180 3012 306 3092 clipeum
328 3015 474 3093 adsurgat,
497 3033 556 3093 quo
575 3013 693 3074 turbine
714 3021 849 3092 torqueat
869 3014 991 3074 hastam.

128 3099 154 3157 si
173 3097 231 3157 duo
252 3107 405 3175 praeterea
426 3096 491 3158 talis
512 3097 597 3157 ldaea
616 3096 729 3156 tulisset

127 3188 206 3241 tarra
228 3181 315 3252 viros,
333 3182 411 3242 ultro
428 3181 560 3242 inachiae
579 3181 704 3241 venisset
726 3179 764 3240 ad
782 3178 872 3241 urbes

128 3262 290 3335 ilardanus,
310 3271 340 3327 et
360 3265 451 3326 versis
471 3264 587 3343 lugeret
608 3264 730 3324 Graecia
749 3263 825 3323 latis.

129 3346 271 3425 quidquid
290 3349 368 3427 apud
390 3348 482 3409 durae
503 3355 650 3410 cessatum
670 3354 714 3408 est
732 3347 849 3407 moenia
870 3345 987 3415 Troiae,

127 3430 262 3491 Hectoris
283 3433 457 3508 Aeneaeque
478 3450 568 3492 manu
589 3431 709 3492 victoria
731 3432 851 3493 Graium

128 3512 222 3574 haesit
244 3522 273 3574 et
288 3513 319 3573 in
341 3514 488 3574 decimum
508 3515 628 3591 vestigia
648 3513 761 3573 rettulit
782 3531 901 3572 annum.
