2512 4096
206 268 266 329 236
535 277 679 325 venerut
694 276 819 325 annnrs
837 277 887 323 vu

205 432 275 492 dant
293 450 348 510 per
369 430 442 492 eolla
461 431 573 500 modos,
591 438 675 492 sonat
693 432 786 492 amuis
808 440 836 491 et
855 432 921 490 Asia
941 429 1028 508 longe

204 513 288 593 pulsa
305 514 398 592 palus.

247 597 323 658 Ecce
341 597 516 658 Sabinorum
538 599 635 676 prisco
655 598 672 657 d
760 598 848 674 guine
869 612 1008 672 magnum

206 698 309 758 agmen
334 698 422 758 agens
444 680 565 741 Clausus
583 681 680 757 magni
721 680 819 757 eipse
843 680 965 757 agminis
985 681 1087 748 instar,

207 762 322 824 Claudia
345 781 423 824 nunc
445 782 462 824 a
486 783 544 842 quo
564 763 736 825 diffunditur
758 771 787 823 et
806 761 900 824 tribus
920 769 950 822 et
972 778 1043 837 gens

205 865 258 925 per
277 845 398 914 Latium,
416 854 569 925 postquam
588 849 619 906 in
640 854 754 925 partem
774 845 840 906 data
860 845 952 905 Roma
972 844 1096 905 Sabinis.

205 947 263 990 una
279 931 383 1007 ingens
403 931 554 990 Amiterna
576 929 683 990 cohors
704 930 852 1007 priscique
874 927 1009 997 Quirites

205 1012 285 1072 Ereti
306 1029 410 1073 manus
432 1014 526 1073 omnis
545 1010 752 1089 oliviferaeque
773 1012 939 1079 Mutuscae;

205 1097 254 1174 qui
273 1095 449 1156 Nomentum
470 1091 585 1164 urbem,
609 1097 658 1173 qui
678 1094 766 1154 Rosia
783 1110 854 1154 rura
875 1092 976 1162 Velini,

205 1180 255 1255 qui
276 1178 410 1239 Tetricae
426 1179 575 1240 horrentis
596 1195 686 1254 rupes
705 1184 895 1254 montemque
917 1177 1057 1238 Severum

205 1262 431 1340 Casperiamque
453 1261 552 1322 colunt
572 1261 755 1338 Forulosque
777 1266 806 1320 et
827 1259 936 1320 flumen
956 1259 1105 1332 Himellae,

205 1344 254 1421 qui
274 1343 405 1405 Tiberim
425 1344 621 1423 Fabarimque
640 1343 755 1412 bibunt,
775 1361 850 1422 quos
868 1343 972 1421 frigida
994 1345 1072 1403 misit

205 1425 317 1494 Nursia,
341 1434 369 1486 et
391 1425 510 1489 Ortinae
531 1426 639 1489 classes
660 1425 821 1506 populique
840 1425 943 1496 Latini,

204 1526 337 1587 quosque
359 1527 461 1570 secans
482 1511 640 1571 infaustum
662 1509 793 1572 interluit
813 1508 875 1570 tna
896 1526 1018 1570 nomen:

205 1609 290 1669 quam
313 1591 395 1652 multi
417 1591 526 1671 Libyco
546 1593 700 1655 volvontur
720 1609 869 1654 marmore
890 1591 996 1653 fluctus

204 1692 304 1736 saevos
325 1674 377 1734 ubi
399 1674 489 1737 Orion
512 1676 642 1738 hibernis
665 1675 800 1737 conditur
816 1676 919 1742 undis;

205 1757 248 1818 rel
267 1774 333 1818 cum
355 1757 417 1819 sole
439 1775 514 1819 novo
537 1759 645 1821 densae
666 1764 817 1820 torrentur
838 1759 943 1818 aristae

204 1847 254 1901 aut
272 1840 373 1902 llermi
393 1859 496 1919 campo
518 1849 568 1903 aut
584 1842 688 1922 Lyciae
709 1838 883 1901 flaventibus
904 1844 989 1901 arvis.

203 1930 285 1985 scuta
306 1932 410 1985 sonant
430 1923 576 2004 pulsuque
597 1925 706 2002 pedum
728 1925 887 1984 conterrita
909 1923 1005 1985 tellus.
1064 1931 1066 1936 ’

245 2006 319 2068 llinc
340 2009 595 2085 Agamemnonius,
613 2008 733 2068 Troiani
757 2007 883 2066 nominis
904 2006 1004 2076 hostis,

206 2108 296 2150 curru
317 2091 411 2169 iungit
431 2089 571 2151 Halaesus
594 2108 685 2168 equos
705 2089 867 2169 Turnoque
888 2091 995 2151 ferocis

203 2171 281 2233 mille
302 2174 380 2250 rapit
397 2173 531 2251 populos,
554 2179 670 2235 uertunt
690 2172 785 2234 felicia
806 2172 921 2234 Baccho

202 2255 322 2316 Massica
344 2258 393 2334 qui
411 2258 513 2316 rastris
535 2262 564 2317 et
586 2274 659 2334 quos
679 2257 717 2317 de
737 2255 862 2317 collibus
884 2255 947 2317 altis

204 2339 331 2399 Aurunci
353 2340 460 2400 misere
481 2345 589 2417 patres,
613 2340 797 2418 Sidicinaque
819 2341 899 2400 iuxta

203 2438 329 2498 aequora
353 2422 460 2501 quique
479 2421 561 2484 Cales
580 2421 700 2490 lincunt,
725 2425 877 2500 amnisque
896 2422 994 2483 vadosi

203 2503 299 2563 rccola
323 2503 463 2574 Volturni,
486 2507 656 2584 pariterque
679 2504 823 2567 Saticulus
847 2523 933 2583 asper

202 2585 403 2664 Oscorumque
425 2604 537 2647 manus.
571 2593 679 2649 teretes
700 2597 769 2649 sunt
787 2587 903 2667 aclydes
921 2588 978 2648 illis

202 2668 266 2739 tela,
289 2669 341 2730 sed
354 2670 429 2730 haec
450 2669 529 2730 lento
550 2688 615 2730 mos
637 2680 683 2732 est
704 2679 805 2751 aptore
826 2670 956 2747 dagello;

201 2765 296 2812 laevas
316 2758 412 2813 caetra
434 2754 514 2830 tegit,
537 2751 633 2815 lalcati
655 2756 817 2815 comminus
839 2770 933 2814 enses.

243 2834 303 2895 Nec
325 2843 357 2895 tu
375 2835 554 2896 carminibus
571 2839 677 2899 nostris
699 2837 824 2899 indictus
846 2835 949 2906 abibis,

203 2916 318 2986 Oebalc,
342 2936 429 2997 quem
451 2935 606 2996 generasse
628 2920 719 2982 Telon
740 2918 898 2981 Sebethide
919 2921 1045 3000 nympha

200 3001 304 3071 fertur,
326 3001 487 3063 Teleboum
510 3004 636 3081 Capreas
659 3022 727 3065 cum
747 3021 841 3081 regna
863 3011 986 3074 teneret,

200 3085 257 3143 iam
277 3085 390 3154 senior;
412 3087 515 3163 patriis
534 3085 657 3147 sednon
679 3094 709 3147 et
726 3085 811 3146 filius
826 3088 903 3146 arvis

201 3174 353 3228 contentus
375 3167 432 3229 late
454 3171 511 3230 iam
531 3177 593 3231 tum
616 3170 730 3231 dicione
750 3168 903 3247 premebat

200 3249 339 3310 Sarrastis
360 3251 484 3329 populos
507 3259 535 3312 et
557 3269 632 3329 quae
650 3253 729 3327 rigat
750 3267 879 3329 aequora
901 3252 1011 3312 Sarnus

200 3332 308 3411 quique
328 3332 435 3394 Rufras
455 3333 650 3410 Ratulumque
670 3341 770 3393 tenent
792 3340 879 3410 atque
900 3352 968 3394 arva
988 3334 1143 3396 Celemnae

200 3421 227 3475 ct
250 3433 323 3492 quos
342 3417 498 3477 maliferae·
512 3416 682 3493 despectant
699 3417 813 3476 moenia
838 3416 944 3486 Bellae,
1162 3429 1215 3480 tro

199 3496 358 3560 Teutonico
380 3500 439 3560 ritu
457 3497 532 3559 soliti
551 3505 691 3577 torquere
711 3501 826 3570 cateias,
