2512 4096
134 266 191 329 134
458 275 603 324 rancun
625 275 750 324 nnnnrs
774 275 816 323 ιιι

128 435 300 494 intemerata
321 431 403 492 locis.
447 431 578 508 perfecto
596 429 689 491 laetus
708 429 823 490 honore

128 516 274 577 Anchisen
295 516 370 576 facio
393 521 505 575 certum
521 532 644 593 remque
665 513 768 575 ordine
783 513 891 591 pando.

129 600 267 679 adgnovit
286 598 400 678 prolem
422 597 589 677 ambiguam
611 597 801 676 geminosque
823 603 960 675 parentes
1098 610 1146 663 18⁰
1241 639 1243 643 -

128 701 219 763 seque
240 701 316 743 novo
336 689 468 744 veterum
491 682 646 760 deceptum
669 699 771 742 errore
787 680 930 742 locorum.

128 775 191 827 turn
213 773 373 828 memorat:
396 775 496 836 ‘nate,
519 764 613 826 Iliacis
631 766 759 826 exercite
776 765 857 835 latis,

129 850 190 911 sola
211 850 281 911 mihi
303 849 367 910 talis
391 867 475 911 casus
496 849 657 912 Cassandra
679 848 813 910 canebat.

128 951 208 995 nunc
229 942 330 1012 repeto
352 934 426 994 haec
447 934 549 1012 generi
570 932 748 1010 portendere
769 931 867 993 debita
888 938 989 992 nostro

130 1025 159 1077 et
175 1034 263 1096 saepe
284 1018 468 1097 Hesperiam,
490 1033 578 1094 saepe
599 1015 669 1077 ltala
691 1033 783 1095 regna
804 1033 919 1076 nocue.
1097 1025 1147 1079 185

128 1101 181 1162 sed
194 1103 259 1180 quis
276 1102 312 1161 ad
332 1100 491 1178 Hesperiae
512 1107 651 1161 venturos
671 1099 757 1160 litora
776 1099 908 1160 Teucros

129 1185 281 1246 crederet?
299 1192 349 1246 aut
371 1202 457 1264 quern
479 1191 542 1245 tum
563 1190 642 1244 vates
663 1182 824 1244 Cassandra
841 1183 989 1244 moveret?

130 1268 268 1330 cedamus
290 1267 410 1329 Phoebo
432 1277 461 1329 et
480 1268 583 1328 moniti
604 1266 727 1328 meliora
745 1266 928 1346 sequamur!

129 1353 172 1411 sic
194 1354 246 1421 ait,
271 1366 299 1412 et
323 1354 420 1413 cuncti
442 1351 519 1412 dicto
540 1368 678 1430 paremus
699 1357 828 1412 ovantes.

128 1434 206 1496 hanc
227 1453 345 1514 quoque
366 1436 530 1497 deserimus
550 1435 666 1506 sedem,
687 1435 848 1514 paucisque
867 1433 976 1495 relictis
1097 1445 1150 1498 190

129 1517 192 1579 vela
213 1518 316 1579 damus
337 1528 509 1598 vastumque
530 1537 599 1580 cava
620 1517 704 1580 trabe
728 1520 874 1580 currimus
894 1535 1014 1597 aequor.

170 1602 329 1680 Postquam
350 1601 441 1662 altum
462 1611 585 1664 tenuere
606 1609 685 1664 rates
705 1620 761 1662 nec
782 1603 840 1661 iam
863 1600 987 1678 amphus
1008 1600 1084 1666 ullae

130 1693 272 1763 apparent
291 1693 402 1755 terrae,
427 1685 539 1746 caelum
561 1685 691 1764 undique
712 1692 742 1745 et
760 1684 891 1762 undique
909 1692 1032 1762 pontus,

129 1778 191 1830 tum
213 1769 285 1829 mihi
305 1768 458 1831 caendeus
478 1786 566 1847 supra
589 1775 677 1846 caput
697 1768 785 1829 astitit
805 1767 901 1828 imber

129 1859 246 1915 noctem
267 1852 454 1932 hiememque
468 1853 581 1923 ferens,
604 1858 633 1912 et
653 1850 801 1912 inhorruit
816 1851 894 1912 unda
913 1850 1053 1912 tenebris.
1099 1863 1149 1917 195

130 1938 267 1998 continuo
285 1939 364 1997 venti
385 1934 502 1998 volvont
522 1954 605 1997 mare
625 1951 790 2013 magnaque
811 1942 936 2013 surgunt

129 2038 272 2100 aequora,
297 2020 420 2099 dispersi
442 2021 585 2081 iactamur
608 2021 725 2099 gurgite
745 2025 841 2088 vasto,

129 2103 277 2167 involvere
300 2104 377 2166 diem
400 2103 492 2165 nimbi
514 2112 543 2164 et
563 2122 623 2165 nox
644 2103 743 2166 umida
760 2101 874 2164 caelum

130 2187 262 2259 abstulit,
285 2189 466 2267 ingeminant
484 2187 617 2266 abruptis
638 2186 766 2249 nubibus
787 2188 880 2264 ignes.

130 2272 295 2333 excutimur
316 2290 419 2343 cursu,
447 2280 476 2333 et
495 2275 589 2333 caecis
612 2290 746 2333 erramus
766 2271 797 2331 in
820 2271 916 2332 undis.
1098 2281 1148 2334 2011

128 2354 192 2432 ipse
214 2355 291 2415 diem
312 2363 489 2435 noctemque
510 2366 599 2434 negat
616 2357 785 2418 discernere
808 2354 888 2418 caelo

128 2454 185 2498 nec
206 2439 373 2499 meminisse
395 2440 457 2500 viae
479 2438 575 2499 media
597 2438 751 2500 Palinurus
773 2439 803 2499 in
825 2439 921 2499 unda:

130 2521 182 2581 tris
202 2520 276 2581 adeo
295 2522 423 2582 incertos
447 2539 533 2583 caeca
553 2520 677 2598 caligine
698 2520 775 2581 soles

130 2621 264 2665 erramus
281 2602 401 2682 pelago,
421 2604 542 2664 totidem
564 2605 627 2665 sine
648 2604 745 2665 sidere
767 2610 878 2664 noctes.

130 2694 234 2766 quarto
254 2695 334 2748 terra
355 2686 401 2747 die
423 2688 552 2764 primum
572 2704 605 2748 se
624 2686 756 2748 attollere
773 2685 892 2747 tandem
1097 2699 1148 2753 aas

129 2771 203 2839 visa,
226 2771 342 2848 aperire
362 2770 467 2848 procul
489 2771 596 2832 montis
619 2788 653 2830 ac
674 2769 791 2831 volvere
809 2769 932 2831 fumum.

129 2852 192 2914 vela
210 2854 333 2924 eadunt,
356 2854 446 2915 remis
466 2854 659 2933 insurgimus,
681 2854 753 2915 haut
773 2872 872 2925 mora,
890 2862 995 2915 nautae

129 2936 227 2997 adnixi
246 2944 386 3017 torquent
404 2955 523 3016 spumas
545 2945 575 3000 et
596 2937 713 3000 caerula
734 2945 865 3001 verrunt.

129 3027 277 3082 servatum
295 3039 330 3082 ex
350 3021 438 3082 undis
459 3022 657 3101 Strophadum
679 3041 727 3083 me
747 3012 837 3085 litoral¹
854 3025 981 3102 primum

131 3105 287 3182 excipiunt.
333 3105 514 3184 Strophades
536 3107 625 3169 Graio
646 3115 724 3168 stant
744 3109 863 3168 nomine
885 3107 978 3168 dictae
1001 3108 1032 3167 >a
1097 3117 1168 3170 210⁸

129 3186 241 3248 insulae
260 3188 342 3249 lonio
362 3192 391 3251 in
414 3207 536 3268 magno,
560 3208 632 3270 quas
651 3191 714 3251 dira
736 3190 860 3252 Celaeno

129 3269 327 3351 harpyiaeque
349 3272 449 3333 colunt
470 3273 557 3343 aliae,
579 3275 699 3334 Phineia
720 3280 875 3353 postquam

130 3352 228 3415 clausa
246 3355 350 3416 domus
370 3373 545 3434 mensasque
566 3363 647 3417 metu
667 3356 780 3435 liquere
801 3359 925 3436 priores.

129 3438 239 3498 tristius
257 3437 329 3499 haut
344 3437 399 3498 illis
421 3445 600 3509 monstrum,
624 3457 679 3501 nec
700 3441 814 3502 saevior
834 3440 893 3503 ulla

130 3522 218 3597 pestis
241 3528 270 3582 st
290 3523 342 3583 ira¹
356 3522 443 3584 deum
465 3522 570 3602 Stygiis
591 3540 656 3585 sese
678 3522 780 3584 extulit
800 3526 896 3585 undis.
1095 3533 1151 3590 Μ
