2512 4096
212 264 274 314 xvi
519 258 567 306 DE
587 257 671 308 vira
692 256 738 304 ΕΤ
760 256 913 306 SORIPTIS

211 415 292 492 nit¹).
333 434 395 475 mox
420 421 449 476 in
472 420 553 474 tertia
573 417 765 492 elegantissimi
787 423 815 470 et
839 415 961 470 acerrimi
982 412 1075 469 iudicis
1102 413 1223 473 savorem

212 505 344 579 gloriatus
366 521 391 558 v.
419 501 460 560 84
480 519 521 576 sq.
548 502 670 558 Bauium
701 498 848 572 (mortuum
880 506 951 554 teste
976 496 1140 572 Hieronymo
1166 516 1223 557 non

213 587 299 644 multo
315 592 379 660 post
398 587 425 641 in
442 584 618 661 Cappadocia,
640 601 663 641 a.
682 578 752 658 719)
768 589 797 638 et
811 582 954 639 Maeuium
967 583 1099 655 pessimos
1115 589 1143 638 et
1159 598 1224 640 con·

213 670 406 749 temptissimos
423 686 477 725 non
497 676 592 743 poetas
614 674 719 724 tantum
734 665 782 722 sed
802 666 923 721 homines
939 666 1019 720 etiam
1040 665 1128 722 tacete
1144 669 1224 723 casti·

213 754 288 828 gavit
302 770 327 809 v.
345 753 386 810 90
401 746 490 827 sq.²),
506 753 551 825 qui
567 753 619 808 nisi
633 752 706 807 ultro
722 749 868 805 maledictis
889 749 1060 805 lacessissent
1073 748 1115 804 vei
1138 752 1224 824 ipsius

212 837 379 893 lenissimum
402 837 518 893 animum
538 835 581 891 vel
606 834 672 891 adeo
698 833 861 895 Pollionem,
887 833 930 887 vix
956 840 1009 888 tam
1028 833 1095 889 viles
1122 836 1224 890 animas

213 921 313 995 apertis
329 921 408 975 etiam
423 918 575 976 nominibus
587 919 650 976 odio
661 918 858 992 elegantiorem
874 915 1012 973 hominum
1026 916 1183 973 tradidisset
1189 911 1223 990 3).

212 1002 349 1076 aliquanto
374 1003 526 1065 meliorem,
557 1002 605 1058 sed
633 1001 752 1059 invidum
777 1006 873 1056 nostro
904 1008 1010 1071 poetam
1039 1000 1225 1072 Cornificium

212 1086 337 1161 tetigisse
362 1086 506 1160 putabatur
525 1087 655 1159 Amyntae
680 1086 789 1141 nomine
814 1085 841 1139 in
868 1083 962 1157 ecloga
988 1084 1082 1157 quinta
1102 1101 1127 1140 v.
1145 1085 1164 1142 8
1181 1102 1223 1158 sq.

214 1164 408 1243 (ct.1139)⁴)‚
437 1186 516 1244 quam
540 1169 587 1225 ille
606 1171 690 1243 ipsam
716 1167 797 1241 paulo
823 1174 886 1240 post
908 1168 937 1222 in
962 1167 1084 1223 bucolico
1106 1166 1224 1226 tortasse

215 1254 332 1310 carmine
348 1252 419 1326 (nam
434 1255 461 1309 in
477 1253 571 1310 eodem
587 1260 710 1326 tumque
724 1251 858 1325 Vergilius
873 1265 988 1323 poeseos
1000 1266 1101 1324 genere
1116 1259 1225 1324 praeter

213 1337 371 1393 amatorium
381 1336 561 1395 elaboravisse
569 1334 739 1405 statuendus)
747 1335 801 1392 lroc
806 1333 938 1390 versiculo
947 1334 1066 1392 ‘hordea
1078 1339 1129 1408 qui
1138 1338 1222 1407 dicit,

214 1426 347 1492 superest
367 1426 399 1477 ut
420 1426 516 1478 tritico
538 1420 634 1478 dicot’
651 1418 697 1490 (cl.
716 1419 765 1475 ecl.
782 1417 804 1472 V
819 1415 870 1490 36)
887 1417 1025 1474 cavillatus
1041 1413 1123 1491 est5).
1155 1419 1224 1476 alius

279 1645 301 1714 ¹)
320 1648 444 1707 ‘Alexim
463 1665 533 1714 quem
544 1651 632 1700 dicunt
642 1648 834 1699 Alexandreae:
849 1647 901 1710 fuit
917 1661 1005 1696 seruus
1023 1648 1109 1698 Asinii
1125 1649 1220 1702 Pollio.

213 1717 266 1775 uie,
290 1731 360 1781 quem
381 1715 503 1780 Virpiiius
518 1722 624 1780 reactus
641 1717 677 1765 ud
695 1716 832 1779 prandium
850 1729 903 1763 cum
919 1715 1025 1763 uidisset
1041 1716 1068 1764 iu
1085 1717 1224 1768 ministerio

212 1784 317 1834 omnium
340 1783 533 1846 pulcherrimum
562 1784 666 1840 dilecti,
700 1797 802 1848 curaque
828 1783 894 1832 dono
926 1782 1026 1845 occepit
1054 1819 1060 1831 .
1084 1819 1090 1830 .
1116 1822 1122 1834 .
1148 1820 1154 1832 .
1184 1787 1227 1849 qui

216 1847 325 1913 (Pollio)
348 1865 379 1901 eo
401 1857 513 1914 tempore
535 1850 736 1915 trampadauem
757 1849 854 1899 Italiae
869 1854 970 1911 portem
988 1848 1089 1898 tenebat
1106 1856 1131 1898 et
1154 1853 1224 1916 apris

209 1922 335 1982 praeerat
347 1914 502 1970 diuidendu’
523 1916 636 1968 Servius
647 1915 683 1966 ad
695 1915 746 1966 ecl.
758 1917 786 1966 11
800 1917 814 1964 1
828 1914 865 1965 cf.
880 1914 965 1968 schol.
979 1916 1060 1965 Bern.
1073 1923 1140 1981 arg.‡
1158 1923 1225 1967 ‘ma-

211 1986 282 2034 mime
308 1985 402 2035 dilexit
425 1985 539 2035 Cebetem
561 1989 586 2034 et
610 1985 798 2041 Alecendrum,
827 1998 897 2049 quem
919 1984 1030 2033 nectenda
1057 1983 1226 2035 bucolicorum

214 2054 303 2115 eclopa
319 2052 424 2102 Aleciue
441 2053 569 2116 appellat,
588 2053 706 2102 donatum
722 2051 772 2101 eidi
787 2050 819 2100 ab
837 2050 930 2100 Asinio
947 2051 1076 2106 Pollione,
1094 2057 1225 2118 utrumque

213 2133 264 2168 non
275 2120 443 2169 inerudituu’
461 2121 588 2170 Donatus
599 2133 628 2184 p.
641 2120 682 2171 57.
702 2117 737 2168 cf.
751 2117 863 2169 Servius
882 2115 917 2166 ad
934 2115 977 2166 ecl
996 2117 1068 2167 1115
1087 2119 1226 2170 Martialis

220 2182 289 2234 VIII
306 2186 339 2236 56
356 2186 379 2235 A
399 2186 488 2237 uleius
506 2185 579 2252 apol.
600 2188 639 2238 10.
657 2185 721 2236 vide
740 2184 861 2250 prolegg.
879 2198 905 2248 p.
925 2186 941 2233 3
959 2198 999 2248 sq.

284 2249 306 2314 ²)
324 2202 529 2317 Philitrgyriue,
549 2253 633 2304 schol.
644 2253 735 2315 Bern,
755 2251 867 2303 Servius
886 2249 921 2300 ad
939 2249 988 2300 ecl.
999 2250 1042 2301 111
1054 2253 1086 2302 90
1099 2251 1225 2320 idemque

218 2314 254 2366 ad
271 2316 325 2368 VH
348 2319 389 2366 21.
431 2320 463 2369 de
485 2320 595 2370 Maevio
618 2320 654 2372 cf.
678 2320 792 2370 Horatii
815 2317 893 2383 epod.
918 2319 949 2367 10
972 2322 1001 2367 et
1027 2318 1225 2384 Porphyrionis

218 2382 433 2434 adnotationem.
460 2384 577 2436 Domitii
593 2387 681 2435 Marsi
698 2387 727 2434 in
743 2385 860 2436 Barium
878 2389 1031 2435 curatorem
1049 2387 1224 2450 epigramma,

221 2449 292 2514 quod
314 2449 499 2514 Hieronymus
525 2467 552 2516 p.
573 2453 606 2501 41
629 2452 750 2502 servavit
773 2455 801 2500 et
823 2451 972 2502 scholiasta
993 2453 1143 2504 Berneneis
1167 2454 1185 2507 l.
1205 2454 1223 2503 l.

216 2516 398 2578 adumbravit,
409 2520 471 2583 post
483 2516 552 2568 alios
561 2517 708 2567 emendare
720 2521 835 2567 conatus
848 2532 907 2566 sum
918 2519 947 2567 in
957 2533 1024 2570 mus.
1035 2519 1124 2570 Rhen.
1133 2521 1225 2572 XVIII

216 2597 242 2648 p.
261 2585 325 2647 476,
340 2583 399 2664 alia
417 2584 537 2635 fortasse
555 2584 743 2649 probabiliora
760 2585 789 2633 in
808 2583 905 2634 eodem
922 2584 1058 2636 volumine
1077 2603 1102 2651 p.
1121 2589 1172 2640 633
1185 2602 1224 2655 sq.

218 2650 580 2782 proqlsihhniihgissiiglii
596 2717 691 2767 dicunt
706 2717 911 2783 Philargyrius‚
924 2717 1051 2783 Servius,
1071 2721 1224 2774 scholiasta

215 2785 364 2834 Beruensis
374 2785 392 2837 l.
405 2784 437 2847 l.‚
450 2785 521 2834 inter
532 2786 733 2836 obtrectatores
745 2789 870 2836 numerat
883 2785 994 2837 Seruius
1011 2787 1046 2836 ad
1058 2787 1107 2838 ecl.
1118 2791 1174 2841 VII
1183 2793 1224 2854 21,

216 2864 379 2931 quemquam
391 2852 438 2902 vix
450 2851 597 2932 'probabile
609 2851 638 2900 in
650 2851 764 2902 culicem
782 2853 861 2917 pueri
877 2868 974 2917 poema
986 2854 1113 2933 invectos
1125 2856 1223 2923 fuisse,

217 2917 1113 3053 (111884)Ὓὲξῇἓῇᾶοθονξιῖῗέῗαᾞῗυῑῖἷἵξιξειῖιῖεινεῗοὲαιῗιροίἓζῗιιιῗιὲει
1131 2998 1223 3043 contre

218 3051 351 3115 Virpitium
371 3055 495 3104 scribere’
530 3054 642 3105 Servius
660 3052 695 3104 ad
712 3053 762 3104 ecl.
781 3054 809 3103 II
826 3056 871 3117 39,
896 3054 982 3105 schol.
1000 3057 1081 3106 Bern.
1101 3057 1183 3114 adh.
1205 3061 1223 3114 l.

160 3180 163 3186 Ι
215 3117 291 3167 etad
304 3117 429 3171 ecl.V8.
447 3120 530 3171 (iodri
546 3121 654 3171 nomine
668 3121 716 3185 qui
728 3119 902 3171 Cornificium
919 3121 1116 3187 intellegerent
1134 3126 1224 3179 fnisse

215 3183 416 3238 scholl.Veron.
430 3192 459 3237 et
470 3189 551 3237 Bern.
566 3188 602 3238 ad
614 3187 813 3252 ecl.V1126sq.
825 3188 952 3241 traditur.
973 3189 1115 3254 scripsisse
1128 3200 1226 3246 contra

213 3250 366 3316 Vergilium
386 3261 446 3316 poet
463 3255 586 3318 quintam
604 3254 711 3304 demum
729 3255 852 3319 eclogem
868 3255 986 3306 videtur.
1021 3260 1143 3309 ceterum
1160 3263 1224 3314 vide

214 3317 337 3384 prolegg.
356 3322 388 3370 96
401 3334 441 3385 sq.
478 3336 601 3385 premens
612 3321 728 3385 Vergilii
739 3323 826 3373 verba
848 3323 980 3374 ‘montibus
996 3325 1023 3373 iu
1038 3329 1136 3378 noctu
1150 3329 1226 3382 selus

214 3384 267 3435 tibi
290 3391 380 3436 certat
400 3388 548 3452 Amyntas'
572 3387 722 3439 Merkelins
747 3390 777 3439 in
804 3389 958 3454 prolusione
980 3389 1015 3440 ad
1040 3391 1104 3442 Ibin
1128 3410 1155 3460 p.
1175 3399 1225 3450 365

215 3451 391 3502 Cornificium
408 3455 467 3504 eius
484 3455 603 3505 vicinum
620 3455 707 3506 fuisse
724 3459 825 3507 statuit

280 3516 303 3584 i)
323 3519 365 3570 cf.
385 3519 534 3574 cledonius
552 3537 578 3588 p.
598 3521 663 3572 1898
682 3525 710 3572 et
727 3522 851 3589 prolegg.
869 3525 901 3574 96
921 3537 979 3589 eq..
992 3524 1040 3574 ubi
1058 3524 1141 3579 docui
1160 3530 1225 3586 (ior-
