2512 4096
402 268 546 319 visuum
568 267 694 316 Anulus
718 268 730 314 l

54 429 94 490 sis
116 426 201 497 felix,
225 433 418 508 nostrumque
439 424 518 486 leves
541 441 744 503 quaecumque
762 423 904 495 lahorem,

56 519 99 584 ct,
119 529 178 592 quo
198 511 252 572 suh
276 509 356 573 caelo
377 509 510 580 tandem,
535 507 640 587 quihus
659 507 739 570 orbis
759 509 788 568 in
812 511 872 570 oris

55 595 217 666 iactemur,
237 596 356 664 doceam
376 595 470 673 ignari
491 592 703 672 hominumque
723 591 916 672 locorumque

55 697 206 749 erramus,
229 685 315 741 vento
337 678 397 740 huc
417 678 504 738 vastis
524 684 553 738 et
571 676 709 737 ductibus
732 678 805 737 acti:

55 762 147 824 multa
168 762 221 824 tihi
244 769 311 823 ante
333 779 399 823 aras
421 767 522 822 nostra
545 761 630 821 cadet
652 761 746 822 hostia
768 758 896 822 dextra!

97 845 175 907 'l'um
193 845 306 907 Venus:
336 846 422 906 ‘haut
441 845 576 924 equidem
599 843 647 905 tali
663 863 711 906 me
725 845 830 922 dignor
845 845 977 914 honore;

55 929 218 1009 virginibus
236 930 332 1010 Tyriis
357 947 421 990 mos
444 935 488 990 est
511 934 627 1006 gestare
648 930 816 1007 pharetram

55 1030 266 1093 purpureoque
288 1013 344 1076 alte
365 1031 449 1075 suras
471 1015 580 1075 vincire
599 1013 753 1074 cothurno.

55 1097 166 1158 Punica
187 1115 279 1176 regna
298 1098 393 1167 vides,
413 1098 517 1177 'lyrios
537 1105 566 1158 et
586 1098 730 1175 Agenoris
750 1098 871 1165 u1·bem;

54 1179 106 1243 sed
120 1181 195 1243 lines
213 1181 328 1260 Libyci,
351 1198 443 1260 genus
465 1181 648 1242 intractabhe
666 1181 753 1243 hello.

55 1264 213 1344 imperium
232 1265 305 1326 Dido
323 1264 411 1343 Tyria
432 1266 508 1341 regit
528 1265 603 1325 urhe
624 1264 773 1342 prolecta,

55 1365 230 1427 germanum
251 1348 374 1425 fugiens.
418 1347 505 1424 longa
528 1356 572 1409 est
592 1349 714 1418 iniuria,
736 1349 841 1424 longae

11 1472 18 1492 .
55 1433 211 1512 ambages;
234 1431 415 1494 sedsumma
437 1449 544 1511 sequar
565 1433 677 1509 fastigia
698 1449 808 1494 rerum.

55 1518 125 1578 huic
148 1518 276 1579 coniunx
297 1517 446 1597 Sychaeus
469 1523 546 1586 erat,
569 1516 726 1577 ditissimus
748 1518 813 1578 auri

55 1601 252 1672 Phoenicum,
277 1609 306 1663 et
327 1619 434 1679 magno
454 1602 580 1661 miserae
596 1600 720 1662 dilectus
742 1618 857 1673 amore,

56 1685 104 1746 cui
125 1693 210 1764 pater
227 1687 364 1746 hitactam
386 1685 508 1746 dederat
529 1685 690 1765 primisque
712 1685 826 1764 iugarat

57 1768 213 1830 ominibus.
259 1770 310 1830 sed
333 1785 424 1847 regna
446 1768 515 1850 Tyri
536 1786 694 1846 germanus
716 1768 844 1832 hahebat
884 1772 888 1779 ’

56 1852 240 1932 Pygmalion,
264 1853 377 1915 scelere
396 1860 464 1914 ante
486 1854 558 1915 alios
576 1855 732 1915 immanior
754 1856 856 1914 omnis.

57 1954 131 2014 quos
151 1938 228 1999 inter
249 1938 363 1999 medius
383 1939 461 2000 venit
483 1938 576 1999 furor.
621 1937 669 1998 ille
691 1937 855 2017 Sychaeum

57 2021 163 2099 impius
184 2028 252 2082 ante
273 2039 339 2083 aras
361 2029 449 2101 atque
470 2024 535 2084 auri
558 2039 664 2083 caecus
689 2039 790 2081 amore

58 2103 133 2166 clam
153 2104 233 2166 lerro
255 2108 406 2168 incautum
423 2114 559 2185 superat,
579 2122 701 2166 securus
720 2121 854 2164 amorum

57 2204 228 2266 germanam
250 2191 418 2268 laetumque
439 2189 489 2250 diu
512 2188 627 2256 celavit,
651 2194 680 2248 et
701 2203 819 2264 aegram

58 2271 147 2333 multa
171 2273 264 2336 malus
285 2273 426 2337 simulans
447 2290 520 2334 vana
543 2290 595 2351 spe
614 2271 682 2332 lusit
703 2277 858 2332 amantem.

56 2373 119 2435 ipsa
140 2357 235 2420 sedin
256 2360 367 2420 somnis
388 2358 531 2419 inhumati
552 2357 630 2418 venit
646 2357 741 2434 imago

57 2441 205 2520 coniugis3
228 2461 279 2505 ora
296 2443 392 2506 modis
411 2440 546 2504 attollens
567 2439 674 2519 pallida
695 2441 777 2502 miris

57 2525 184 2588 crudelis
205 2545 271 2590 aras
293 2529 472 2608 traiectaque
492 2532 612 2606 pectora
635 2525 714 2587 ferro

56 2610 189 2681 nudavit,
213 2630 391 2692 caecumque
411 2613 516 2673 domus
533 2609 629 2672 scelus
653 2627 740 2671 omne
756 2612 871 2671 retexit.

57 2700 119 2755 tum
140 2693 272 2757 celerare
294 2698 393 2774 lugam
414 2698 566 2774 patriaque
589 2695 733 2756 excedere
752 2695 870 2764 suadet,

56 2777 254 2857 auxiliumque
275 2782 338 2841 viae
359 2782 465 2841 veteris
480 2778 585 2841 tellure
603 2777 730 2841 recludit

57 2861 246 2931 thensauros,
269 2864 402 2940 ignotum
422 2865 537 2939 argenti
558 2863 674 2940 pondus
697 2870 726 2924 et
748 2864 821 2925 auri.

56 2945 102 3004 his
126 2950 271 3005 commota
292 2945 391 3021 lugam
413 2945 486 3004 Dido
508 2947 662 3024 sociosque
680 2946 811 3024 parabat.

58 3027 250 3097 conveniunt,
274 3027 381 3107 quibus
403 3034 454 3087 aut
477 3027 576 3088 odium
599 3028 719 3089 crudele
741 3033 855 3110 tyranni

57 3118 108 3172 aut
128 3117 224 3172 metus
246 3130 315 3174 acer
338 3118 416 3186 erat3
439 3111 535 3183 navis,
556 3128 630 3189 quae
654 3110 730 3172 forte
750 3122 884 3193 paratae,

57 3197 219 3276 corripiunt
240 3203 421 3278 onerantque
444 3214 526 3258 auro.
569 3195 724 3275 portantur
744 3198 823 3258 arari

55 3281 252 3368 Pygmalionis
276 3302 347 3363 opes
368 3281 486 3364 pelego;
509 3281 567 3342 dux
588 3283 696 3342 femina
716 3283 794 3344 facti.

57 3371 202 3434 devenere
223 3371 319 3440 locos,
341 3367 393 3430 ubi
413 3385 492 3428 nunc
513 3368 641 3446 ingentia
664 3385 768 3429 cernes

57 3458 172 3520 moenia
197 3461 425 3533 surgentemque
446 3469 539 3514 novae
560 3453 743 3531 Karthaginis
765 3469 873 3513 arcem.

58 3539 253 3620 [mercatique
272 3538 381 3606 solum,
403 3538 469 3598 lacti
489 3537 526 3598 de
545 3538 664 3599 nomine
687 3538 820 3617 Byrsam,
