2512 4096
487 261 628 310 tunultu
651 261 778 311 Annius
793 261 806 308 l

131 434 188 481 nee
207 416 306 480 minus
326 420 438 481 interea
459 418 545 478 sociis
567 418 603 478 ad
625 416 710 479 litora
728 417 814 478 mittit

132 501 230 581 viginti
247 508 363 574 tauros,
390 518 566 580 magnorum
587 501 737 562 horrentia
761 511 879 563 centum

130 593 213 663 terga
231 602 332 658 suum,
354 587 471 665 pinguis
491 593 609 647 centurn
632 603 699 646 eum
720 584 864 646 matribus
884 602 991 663 agnos,

131 685 254 730 munera
275 668 471 749 laetitiamque
494 669 542 730 dii.

128 760 160 814 at
181 752 287 814 (lomus
307 754 428 815 interior
449 752 542 830 regali
562 751 713 830 splendida
734 751 806 814 luxu

110 835 300 905 instruitur,
322 837 485 915 mediisque
502 844 609 916 parant
629 837 758 898 convivia
776 838 875 898 tectis:

128 928 192 983 arte
212 919 362 982 laboratae
382 928 478 983 restes
500 928 640 1000 ostroque
663 920 806 999 superbo,

114 1007 233 1083 ingens
253 1012 409 1084 argentum
432 1005 558 1075 mensis,
577 1004 746 1084 caelataque
767 1006 796 1065 in
814 1023 886 1067 auro

129 1088 216 1152 tortia
237 1088 313 1150 laeta
336 1097 468 1168 patrum,
490 1091 582 1150 series
603 1088 772 1167 longissima
794 1107 895 1150 rerum

128 1190 182 1252 per
204 1179 248 1233 tot
270 1172 356 1234 ducta
377 1174 456 1234 viros
476 1174 595 1251 antiqua
613 1172 650 1234 ab
670 1174 783 1250 origine
805 1174 908 1249 gentis.

170 1257 284 1318 Aeneas
306 1258 412 1335 (neque
434 1257 512 1318 enim
533 1258 647 1336 patrius
668 1257 828 1318 consistere
849 1265 978 1318 mentem

127 1357 232 1420 passus
256 1342 348 1420 amor)
371 1339 508 1418 rapidum
530 1341 566 1401 ad
588 1341 668 1402 navis
688 1340 849 1420 praemittit
868 1341 1013 1412 Achaten,

127 1425 252 1487 Ascanio
271 1423 347 1486 ierat
367 1424 456 1495 haec,
476 1425 632 1503 ipsumque
653 1423 690 1485 ad
710 1425 825 1485 moenia
849 1424 951 1494 ducat;

128 1509 223 1571 omnis
244 1510 275 1570 in
295 1510 420 1570 Ascanio
440 1509 501 1570 cari
522 1516 578 1569 stat
597 1526 667 1570 cura
688 1510 827 1586 parentis.

127 1610 252 1655 munera
272 1602 426 1670 praeterea
445 1591 540 1654 Iliacis
558 1599 659 1671 erepta
680 1593 773 1654 ruinis

127 1677 206 1738 ferre
222 1676 318 1748 iubet,
337 1675 444 1755 pallam
466 1678 557 1756 signis
577 1695 709 1756 auroque
729 1677 874 1756 rigentem

128 1767 158 1824 et
178 1763 402 1823 circumtextum
425 1779 532 1823 croceo
553 1761 686 1823 velamen
709 1761 851 1839 acantho,

127 1850 249 1907 ornatus
269 1845 392 1924 Argivae
414 1844 558 1916 Helenae,
582 1845 720 1926 quasilla
743 1846 887 1925 Mycenis,

126 1928 270 2006 Pergama
290 1947 358 1991 curn
378 1937 493 2008 peteret
515 1932 762 2008 inconcessosque
784 1929 976 2008 hymenaeos,

127 2011 285 2084 extulerat,
306 2015 409 2074 matris
428 2014 524 2076 Ledae
544 2012 678 2076 mirabile
699 2014 823 2081 donum:

125 2104 279 2176 praeterea
300 2105 466 2175 sceptrum,
488 2097 579 2159 Ilione
598 2097 677 2176 quod
699 2101 830 2173 gesserat
853 2093 937 2159 olim,

125 2181 252 2242 maxima
273 2189 409 2242 natarum
427 2181 550 2250 Priami,
574 2179 709 2258 colloque
730 2179 839 2239 monile

125 2263 262 2327 bacatum
283 2273 312 2326 et
331 2262 479 2344 dupHeem
501 2266 624 2342 gemmis
644 2281 777 2342 auroque
799 2279 950 2323 coronam.

125 2366 199 2410 naec
215 2347 349 2411 celerans
370 2350 428 2409 iter
449 2348 485 2409 ad
505 2350 586 2408 naris
603 2348 742 2409 tendebat
761 2346 896 2408 Achates.

166 2433 203 2493 nt
219 2431 362 2511 Cytherea
379 2450 470 2493 novas
489 2440 581 2503 artes,
604 2450 678 2493 nova
699 2437 820 2512 pectore
840 2439 937 2492 vereat

124 2514 260 2587 consiha,
283 2525 316 2578 ut
338 2517 443 2579 faeiem
463 2525 593 2578 mutatus
615 2528 645 2578 et
666 2535 718 2578 ora
741 2515 854 2594 Cupido

123 2616 180 2679 pro
201 2598 279 2662 dulci
299 2601 423 2662 Ascanio
445 2603 553 2672 veniat,
576 2601 719 2681 donisque
739 2602 885 2661 furentem

124 2684 262 2745 incendat
281 2687 414 2763 reginam
436 2693 524 2765 atque
546 2687 661 2747 ossibus
682 2683 812 2763 implicet
832 2685 939 2763 ignem.
957 2728 959 2732 -

125 2770 234 2847 quippe
254 2768 374 2830 domurn
396 2772 478 2831 timet
500 2769 665 2848 ambiguam
684 2769 847 2850 Tyriosque
868 2765 1020 2846 bilinguis:

124 2853 184 2912 urit
204 2859 288 2913 atrox
309 2853 397 2924 luno,
421 2863 450 2914 et
469 2853 525 2915 sub
544 2861 662 2916 noctem
682 2871 753 2914 cura
775 2859 918 2914 recursat.

125 2951 196 3013 ergo
218 2935 265 2998 bis
286 2935 428 3015 aligerum
451 2938 534 2998 dictis
554 2937 670 3000 adlatur
689 2938 846 2999 Amorem:

124 3027 223 3091 ‘nate‚
242 3038 326 3083 meae
346 3020 440 3098 vires,
462 3038 528 3081 mea
546 3037 651 3098 magna
673 3022 802 3098 potentia
824 3019 920 3088 solus,

123 3109 208 3174 nate,
228 3105 320 3182 patris
341 3106 448 3165 summi
468 3105 518 3183 qui
539 3102 595 3164 tela
617 3104 756 3183 Typhoea
776 3105 897 3170 temnis,

124 3187 160 3247 ad
182 3193 212 3249 te
234 3189 372 3266 coniugio
395 3194 424 3249 et
444 3186 566 3267 supplex
590 3199 639 3249 tua
661 3188 781 3248 numina
801 3204 901 3264 poseo,

122 3269 216 3332 irater
237 3279 271 3332 ut
289 3273 402 3335 lleneas
420 3271 525 3351 pelago
547 3281 615 3334 tuus
636 3274 732 3333 omnia
754 3272 865 3331 circum

123 3352 210 3414 litora
230 3357 354 3417 iactetur
376 3357 449 3417 odiis
470 3358 589 3419 lunonis
610 3356 744 3425 acerbae,

123 3444 192 3499 uota
214 3438 284 3509 tibi,
310 3448 339 3500 et
359 3449 461 3501 nostro
483 3441 600 3502 doluisti
620 3458 707 3519 saepe
727 3437 837 3500 dolore.

123 3539 203 3584 nunc
223 3522 382 3584 Phoenissa
401 3532 482 3585 tenet
502 3523 576 3585 Dido
597 3524 770 3604 biandisque
790 3531 921 3584 moratur
