2512 4096
171 255 231 317 326
500 264 645 311 vanans
660 261 786 312 sauma
805 262 840 309 ιιι

170 438 252 482 arum
273 423 427 498 virumque
448 419 560 487 serens:
584 429 646 480 tum
668 436 782 479 summa
798 418 890 496 ipsius
911 417 947 478 ab
974 417 1065 479 basta

171 505 309 581 defringit
331 503 443 565 serrum
466 512 495 564 et
516 504 608 582 partis
628 504 751 564 rimatur
775 509 900 580 apertm,

172 606 228 666 qua
251 587 353 649 volnus
374 587 460 648 letale
483 588 573 656 lerat;
597 593 698 647 contra
721 584 770 646 ille
790 601 963 663 repugnans

171 673 294 733 sustinet
317 688 333 731 a
354 671 454 750 iugulo
478 671 612 732 dextram
634 677 663 731 et
685 671 744 730 rim
763 668 874 730 viribus
895 670 972 730 exit'
1148 676 1192 728 rit

171 763 262 835 utque
284 754 383 816 volans
405 753 463 816 alte
480 761 597 833 raptum
616 772 683 814 cum
704 752 780 814 iulva
802 753 962 814 draconem

171 840 229 900 lert
247 839 342 918 aquila
363 837 553 918 implicuitque
572 838 663 915 pedes
682 844 770 918 atque
791 835 939 915 unguibus
959 835 1074 907 haesit,

170 924 289 985 saucius
311 929 340 983 at
359 940 483 1000 serpeus
504 923 623 982 sinuosa
643 920 789 981 volumina
812 931 909 981 versat

172 1008 352 1085 arrectisque
372 1006 474 1067 horret
492 1006 621 1084 squamis
643 1012 672 1065 et
690 1003 787 1065 sibilat
805 1022 867 1071 ore,

172 1091 281 1152 arduus
299 1093 471 1167 insurgam
494 1088 543 1150 illa
565 1089 635 1149 baut
657 1090 755 1149 minus
774 1100 861 1164 urget
881 1087 1001 1147 eburaco
1149 1095 1193 1148 aab

172 1172 333 1235 luctantem
353 1180 461 1243 rostro,
484 1172 571 1233 simul
593 1172 713 1234 aethera
734 1170 871 1233 verberat
891 1170 958 1231 alis:

171 1257 243 1320 haut
261 1257 344 1318 aliter
363 1257 503 1337 praedam
525 1255 683 1317 Tiburtum
702 1275 738 1317 ex
761 1258 876 1334 agmine
897 1254 1041 1315 Tarchon

171 1348 270 1418 portat
291 1359 389 1402 ovans.
424 1341 507 1403 ducis
530 1340 696 1419 exemplum
713 1350 914 1417 eventumque
935 1340 1034 1400 secuti

172 1424 343 1486 Maeonidae
363 1427 527 1486 incurrunt.
560 1432 624 1485 tum
646 1424 711 1484 latis
730 1421 845 1485 debitus
865 1424 981 1484 Arruns

173 1507 304 1569 velocem
325 1507 421 1569 iaculo
443 1517 472 1569 et
489 1507 581 1569 multa
602 1509 685 1586 prior
707 1516 769 1569 arte
791 1505 941 1567 Camillam
1146 1514 1192 1565 tot

173 1593 278 1652 circuit
303 1599 331 1653 et
353 1609 429 1671 quae
450 1595 487 1652 sit
508 1593 626 1653 fortuna
647 1591 792 1661 facillima,
811 1600 942 1669 temptat.

57 1719 59 1723 ψ
172 1692 231 1753 qua
252 1693 284 1736 se
307 1693 434 1755 cumque
456 1676 557 1736 iurene
577 1676 673 1736 medio
696 1674 761 1736 tulit
779 1676 897 1753 agmim
919 1676 1013 1753 virgo,

172 1758 229 1819 hac
250 1760 364 1820 Arruns
387 1758 465 1820 subit
487 1768 516 1820 et
538 1760 642 1820 tacitus
662 1760 782 1837 vesu'gia
802 1757 920 1826 lustrat3

173 1861 231 1921 qua
253 1843 354 1904 victrix
376 1843 453 1904 redit
468 1841 518 1903 illa
538 1842 703 1921 pedemque
724 1860 760 1903 ex
781 1842 867 1903 hoste
888 1852 1032 1920 reportat,

172 1926 229 1988 hac
248 1928 360 1988 iuvenis
382 1928 483 1989 lurtim
505 1925 611 1988 celeris
633 1926 945 2005 detorquet-habenas.
1143 1936 1187 1988 tot

172 2010 228 2070 hos
249 2011 372 2072 aditus
363 2030 482 2090 iamque
502 2011 558 2072 bos
578 2010 674 2073 aditus
695 2028 873 2089 omnemque
895 2023 1035 2088 pererrat

173 2095 303 2174 undique
325 2097 479 2157 circuitum
502 2103 531 2156 et
551 2106 661 2157 certam
681 2096 773 2182 quatit
793 2094 947 2173 improbus
968 2094 1099 2157 hastam.

173 2179 250 2240 iorte
267 2197 351 2240 sacer
372 2179 479 2260 Cybelo
503 2178 644 2242 Chloreus
664 2194 793 2278 ornnque
813 2180 952 2239 sacerdos

172 2264 295 2340 insignis
316 2261 404 2341 longe
423 2264 558 2344 Phrygiis
580 2263 742 2341 fulgebat
734 2280 764 2322 rn
782 2264 871 2323 armis

173 2354 418 2427 spumantemque
441 2347 569 2424 agitabat
590 2365 687 2417 ecum,
709 2364 797 2427 quem
819 2345 902 2424 pellis
923 2348 1007 2408 aenis
1140 2354 1187 2406 rto
1237 2390 1241 2395 -

173 2431 203 2490 in
224 2429 355 2508 plumam
380 2433 509 2512 squamis
530 2448 603 2492 auro
626 2437 760 2492 conserta
780 2430 907 2507 tegebat.
1228 2430 1231 2437 '

173 2515 245 2593 ipse,
269 2517 426 2594 peregrina
444 2516 595 2591 ferrugine
617 2512 713 2575 danus
735 2523 764 2574 et
783 2523 872 2584 ostro,

174 2597 286 2675 spicula
308 2599 465 2678 torquebat
485 2599 572 2677 Lycio
595 2599 734 2676 Gortynia
756 2615 864 2665 cornu:

174 2698 282 2743 aureus
304 2701 340 2743 ex
362 2684 473 2743 umeris
496 2689 559 2742 erat
581 2698 668 2741 arcus
689 2688 719 2740 et
740 2699 831 2741 aurea
853 2682 909 2740 rati

174 2765 301 2834 cassida;
320 2773 384 2826 tum
399 2782 534 2825 croceam
554 2763 795 2843 chlamydemque
810 2766 951 2842 sinusque
968 2769 1122 2845 crepantis
1138 2774 1186 2824 aaa

173 2847 329 2909 carbaseos
348 2847 426 2909 irdro
447 2849 478 2908 in
500 2848 609 2908 nodum
632 2846 790 2926 collegerat
810 2866 894 2917 auro,

172 2932 268 3010 pictus
289 2950 346 2994 acu
367 2933 480 2994 tunicas
502 2939 532 2994 et
550 2931 677 2993 barbara
701 2934 830 3012 tegmina
850 2951 982 2994 crurum

173 3017 253 3079 hunc
274 3019 366 3095 virgo,
389 3018 449 3078 sive
471 3024 505 3078 ut
525 3015 642 3096 templis
663 3017 840 3096 praefigeret
859 3035 941 3078 arma

173 3099 271 3170 Troia,
293 3103 405 3180 captivo
429 3102 489 3162 sive
510 3110 543 3164 ut
564 3119 596 3162 se
609 3101 710 3163 derret
730 3102 761 3161 in
780 3119 852 3163 auro

173 3184 313 3254 renahix,
337 3203 428 3247 unum
451 3204 486 3247 ex
507 3185 588 3247 omni
607 3186 767 3246 certamine
788 3201 905 3264 pugnae
1140 3190 1187 3242 tto

174 3285 262 3328 caeca
282 3268 461 3347 sequebatur
482 3278 635 3345 totumque
655 3270 771 3328 incauta
792 3286 847 3346 per
868 3284 973 3346 agmen

173 3350 302 3412 femineo
324 3352 451 3430 praedae
473 3361 504 3415 et
522 3351 685 3431 spoliorum
706 3349 830 3412 ardebat
850 3370 960 3420 amore.

173 3432 265 3496 telum
287 3454 322 3496 ex
343 3436 455 3496 insidiis
477 3454 545 3497 cum
566 3435 683 3496 taudem
702 3443 836 3512 tempore
858 3444 944 3516 capto

174 3519 300 3579 concitat
321 3526 351 3580 et
373 3536 497 3600 superos
516 3521 630 3582 Arruns
649 3519 692 3580 sic
713 3535 785 3580 roae
807 3527 958 3598 precatur:
