2512 4096
160 253 222 316 aot
499 261 642 309 rancun
658 259 836 309 arcumen

203 421 324 496 iamque
343 419 440 479 omnis
462 419 572 495 eampis
596 417 742 478 exercitus
761 415 822 477 ibat
844 417 962 494 apertis.

161 503 241 566 dives
261 521 355 573 eoum,
376 503 455 564 dives
477 502 566 580 pictai
585 501 672 562 vestis
696 508 725 561 et
742 502 808 562 auri

163 588 322 666 (Messapus
341 589 451 665 primas
472 587 558 655 acies,
580 591 730 664 postrema
751 592 889 646 coercent

162 670 323 750 Tyrrhidae
342 671 471 739 iuvenes,
493 669 591 730 medio
614 669 673 729 dux
695 669 811 746 agmine
831 667 971 745 Turnus),
1024 691 1041 708 =

163 773 218 816 ceu
240 762 352 833 septem
374 771 497 832 surgens
520 753 627 814 sedatis
649 751 783 814 amnibus
805 751 879 813 altus

161 855 216 918 per
235 837 356 898 tacitum
375 839 491 915 Ganges
513 846 563 898 aut
579 837 682 915 pingui
703 836 822 897 flumine
842 834 924 897 Nilus

163 940 231 983 cum
253 919 352 982 reiiuit
372 922 482 999 campis
501 931 529 981 et
548 922 606 981 mm
624 937 657 980 se
679 919 810 981 condidit
829 919 920 980 alveo.

161 1005 212 1067 hio
232 1004 360 1066 orbitam
380 1005 464 1082 nigro
484 1003 643 1081 glomerari
663 1002 784 1082 pulvere
802 1002 913 1064 nubem

162 1090 348 1168 prospiciunt
368 1087 481 1150 Teucri
494 1106 530 1148 ac
551 1086 691 1148 tenebras
709 1089 864 1165 insurgere
886 1089 1011 1166 campis.

164 1173 278 1252 primus
300 1172 337 1233 ab
360 1173 479 1234 adversa
501 1170 664 1233 conclamat
685 1171 762 1232 mole
785 1170 904 1232 cneus:

165 1259 249 1335 ‘qaus
267 1255 380 1335 globus,
403 1274 420 1315 o
440 1257 526 1325 cives,
548 1254 671 1331 caligine
690 1252 814 1316 voiritur
835 1255 916 1315 atra?¹

163 1340 239 1401 ierte
261 1341 311 1400 citi
333 1340 456 1410 serrum,
479 1340 546 1401 data
567 1337 633 1410 tela,
656 1339 805 1400 ascendite
827 1356 937 1408 muros,

164 1423 257 1482 hostis
279 1424 368 1492 adest,
388 1425 482 1485 heiai'
516 1423 626 1502 ingenti
649 1421 777 1483 clamore
799 1440 854 1500 per
874 1423 968 1483 omnis

166 1506 296 1567 condunt
317 1527 349 1566 se
371 1507 478 1568 Teucri
498 1513 600 1587 portas
621 1512 651 1567 et
672 1508 787 1567 moenia
809 1504 966 1584 complent.

163 1605 290 1668 namque
310 1592 350 1650 tta
372 1590 525 1651 discedens
543 1598 736 1668 praeceperat
755 1597 892 1668 optumus
913 1591 1008 1650 armis

164 1672 292 1733 Aeneas:
316 1673 399 1752 siqua
421 1673 533 1734 interea
554 1673 671 1733 iormna
693 1672 805 1743 tuost

165 1773 223 1817 neu
247 1763 363 1817 struere
381 1753 525 1816 auderent
545 1757 638 1816 aciem
659 1772 718 1816 neu
740 1757 863 1818 credere
886 1774 1009 1835 campo;

167 1845 263 1900 castra
284 1839 382 1900 modo·
398 1845 427 1899 et
447 1845 525 1900 tutos
547 1845 698 1900 servarent
719 1855 829 1918 aggere
849 1856 961 1902 muros.

166 1939 238 2000 ergo
259 1925 313 1984 etsi
335 1924 473 1985 conterre
492 1940 613 1984 menum
634 1922 731 2002 pudor
752 1925 855 2003 iraque
876 1931 1033 1998 monstrat,
1091 1946 1095 1951 ·

166 2005 297 2068 obiciunt
314 2015 416 2087 portas
435 2013 534 2069 umen
557 2015 588 2068 et
605 2013 762 2086 praecepta
784 2008 933 2070 iacessunt

166 2092 329 2170 armatique
350 2093 427 2153 cavis
450 2097 606 2171 expectant
626 2091 759 2153 turribus
781 2092 905 2154 hostem.

166 2175 283 2236 Turnus
303 2181 335 2234 ut
355 2183 423 2236 ante
444 2174 544 2236 volans
564 2175 680 2237 tardum
701 2184 902 2255 praecesserat
921 2192 1030 2254 agmen

166 2258 265 2336 viginti
286 2256 368 2320 lectis
389 2261 518 2339 equitum
544 2261 709 2330 comitatus,
733 2267 762 2322 et
782 2260 850 2321 urbi

167 2342 334 2420 inprovisus
356 2343 452 2412 adest;
475 2342 597 2405 maculis
618 2361 707 2422 quem
724 2343 868 2406 Thrasius
891 2341 967 2404 albis

167 2433 266 2504 portat
287 2443 378 2506 equos
401 2428 546 2507 mistaque
568 2429 639 2506 tegit
661 2427 743 2504 galea
765 2445 861 2488 aurea*
875 2426 977 2488 rubra.
1152 2439 1187 2491 tt

168 2511 285 2589 ‘ecquis
307 2511 371 2579 erit,
392 2528 519 2580 mecum,
542 2512 671 2589 iuvenes,
694 2512 744 2588 qui
765 2512 879 2588 primus
900 2512 931 2571 in
952 2511 1091 2575 hostem!

168 2591 217 2654 en'
239 2595 278 2654 ait
300 2600 329 2654 et
350 2593 477 2655 iacadarm
498 2600 671 2672 attorquens
693 2594 797 2654 emittit
818 2594 848 2653 in
871 2611 967 2666 auras,

166 2677 342 2755 principium
364 2694 490 2755 pugnae,
513 2684 543 2736 et
563 2693 667 2753 campo
688 2692 754 2737 sese
778 2677 885 2738 arduos
907 2677 1006 2739 infert.

167 2758 328 2820 clamorem
352 2759 499 2836 excipiunt
521 2759 591 2819 socii
613 2758 791 2838 fremituque
812 2768 953 2821 secuntur

168 2842 341 2903 horrisono:
364 2841 513 2904 Teucrum
532 2843 678 2905 mirantur
699 2844 803 2904 inertia
826 2845 926 2915 corda,
1153 2857 1187 2906 aa

167 2942 341 3004 nonaeque
363 2926 434 2987 dare
455 2943 489 2988 se
510 2944 624 3005 campo,
646 2944 708 2988 non
729 2926 815 2990 obvia
836 2929 916 2991 terre

167 3026 250 3069 arma
270 3009 357 3079 viros,
380 3008 430 3070 sed
446 3019 541 3072 castra
560 3012 669 3074 iorere.
702 3011 762 3074 huc
782 3012 918 3074 turbidus
939 3019 1028 3091 atque
1050 3015 1110 3078 huo

169 3090 275 3152 lustrat
296 3109 373 3172 equo
393 3112 495 3156 muros
515 3096 685 3176 aditumque
707 3114 763 3174 per
783 3098 846 3157 avia
868 3098 991 3177 quaerit.

169 3190 204 3235 ac
221 3173 310 3236 veluti
331 3175 419 3255 pleno
441 3177 528 3258 iupus
548 3179 699 3242 insidiatus
722 3179 790 3241 oriii
1027 3198 1030 3202 ·

169 3274 258 3336 quom
279 3259 379 3322 fremit
397 3261 434 3323 ad
453 3263 560 3333 caulas,
584 3270 688 3324 ventos
708 3280 867 3342 perpessus
889 3275 917 3324 et
938 3263 1052 3334 imbris
1152 3274 1187 3327 ω

168 3347 256 3401 nocte
280 3360 369 3422 super
391 3347 486 3407 media
509 3346 572 3424 (tuti
594 3347 648 3408 suh
671 3344 816 3408 matribus
839 3351 906 3423 agni

169 3457 370 3471 ——--......

170 3513 284 3571 vertitur
299 3532 371 3574 arma
389 3524 484 3575 terrem
499 3525 526 3574 et
540 3525 602 3575 toto
619 3518 719 3575 vertice
736 3533 817 3592 supra
833 3530 883 3576 est.
947 3556 951 3561 -
1152 3521 1190 3581 dii
