2512 4096
190 243 252 307 248
518 254 662 303 1111111
678 253 803 302 sensis
819 255 883 302 uin

192 421 255 474 tum
275 429 379 473 manus
397 412 524 473 Ausonia
548 418 576 473 ct
598 418 699 489 gentes
720 427 828 471 venere
851 410 983 482 Sicanae,

191 498 307 576 saepius
325 502 354 557 et
375 513 484 557 nomen
503 496 602 574 posuit
621 495 757 555 Saturnia
779 493 865 555 tellus
875 514 882 562 ;

192 589 253 642 tum
272 597 358 659 reges
380 592 526 659 asperque
547 578 669 640 immani
691 595 817 657 corpore
839 578 975 657 Thybris,
1168 589 1217 642 331

192 683 287 744 aquo
310 672 377 743 post
399 663 464 726 Itali
484 663 605 725 fluvium
628 663 803 741 cognomine
825 662 967 742 Thybrim

192 750 315 811 diximus
335 749 440 829 (amisit
462 766 566 810 verum
583 754 667 809 vetus
690 746 794 809 Albula
815 748 945 827 nomen).

192 853 238 896 me
261 832 379 912 pulsum
401 833 496 914 patria
517 831 673 912 pelagique
696 838 826 894 extrema
847 838 1018 910 sequentem

192 921 308 980 iortuna
331 918 516 995 omnipotens
537 924 566 978 et
587 915 775 978 ineluctabile
798 917 890 977 iatum

172 1073 175 1077 ,
193 1004 238 1064 his
259 1020 387 1082 posuere
408 1001 482 1062 locis
502 1002 664 1079 matrisque
686 1018 774 1079 egere
796 1000 950 1062 tremenda
1168 1011 1217 1062 331

193 1087 355 1150 Carmentis
375 1085 522 1168 nymphae
544 1086 654 1147 monita
678 1091 707 1146 et
725 1085 797 1147 deus
820 1090 923 1147 auctor
944 1084 1062 1164 Apollo.

193 1175 237 1232 vir
260 1189 293 1233 ea
312 1171 405 1234 dicta:
429 1169 536 1232 dehinc
553 1186 730 1249 progressus
751 1177 897 1232 monstrat
920 1178 1051 1230 etaiam

193 1265 221 1318 et
245 1253 459 1318 Carmentalem
477 1253 604 1317 Romani
625 1255 744 1316 nomine
763 1261 880 1334 portam

193 1358 280 1420 qnam
302 1347 477 1410 memorant,
501 1339 649 1420 nymphae
671 1340 802 1418 priscum
826 1338 990 1401 Carmentis
1012 1338 1176 1417 honorem,

192 1426 263 1486 vatis
285 1423 429 1494 fatidicae,
451 1424 557 1486 cecinit
578 1442 654 1503 quae
676 1425 771 1502 prima
793 1425 907 1486 futuros
1167 1433 1218 1484 340

193 1508 342 1569 Aeneadas
365 1524 489 1585 magnos
510 1516 540 1568 et
560 1508 659 1570 nobile
680 1507 872 1570 Pallanteum.

193 1593 261 1653 hinc
280 1590 379 1653 lucum
402 1593 551 1668 ingentem
572 1610 660 1670 quem
681 1591 826 1655 Remulus
846 1611 915 1654 acer
937 1590 1060 1671 Asylum

193 1675 304 1738 rettulit
326 1683 356 1737 et
377 1674 471 1753 gelida
493 1682 639 1736 monstret
658 1674 714 1737 sub
736 1695 811 1755 rupe
833 1675 987 1754 Lupercal,

193 1759 349 1822 Parrhasio
372 1760 481 1821 dictum
501 1759 599 1819 Panos
621 1760 763 1820 demere
785 1761 899 1840 Lycaei.

194 1863 248 1907 uec
269 1862 329 1905 111
350 1851 379 1907 11
400 1845 476 1905 sacri
496 1848 641 1905 monstrat
663 1861 768 1904 nemus
788 1843 910 1922 Argileti
1167 1854 1218 1905 111

194 1935 375 2009 testaturque
402 1927 501 1990 locum
524 1935 552 1990 et
573 1928 665 1989 1111111
688 1927 774 1990 dccet
792 1929 916 2008 hospitis
937 1930 1017 2006 Argi.

193 2016 262 2076 hinc
281 2014 318 2075 ad
337 2013 493 2092 Tarpeiam
516 2014 618 2076 sedem
637 2020 665 2074 et
685 2012 825 2092 Capitolia
845 2014 934 2082 ducit,

193 2117 282 2160 aurea
301 2116 391 2168 nunc,
414 2096 483 2160 olim
504 2097 687 2159 silvestribus
711 2097 832 2159 horrida
856 2099 961 2159 dumis.

192 2186 251 2245 iam
271 2189 335 2244 tum
356 2180 459 2260 religio
481 2183 603 2262 pavidos
625 2182 756 2244 terrebat
778 2184 902 2262 agrestis

194 2269 256 2329 dira
277 2265 421 2338 lochiano
445 2276 508 2328 tum
531 2267 632 2328 silvam
654 2285 815 2347 saxumque
837 2265 1012 2328 tremebant.
1169 2274 1220 2325 350

194 2351 266 2412 ‘hoc
288 2368 401 2421 nemus,
420 2348 515 2412 huuc'
535 2352 632 2429 inquit
653 2352 808 2412 ‘frondoso
828 2353 937 2412 vertice
954 2349 1061 2412 collem

194 2435 269 2515 (quis
290 2434 364 2496 deus
386 2435 533 2496 Incertum
555 2435 607 2516 est)
627 2435 738 2496 habitat
761 2435 847 2497 deus:
869 2436 999 2497 Arcades
1021 2437 1123 2514 ipsum

194 2519 319 2580 credunt
340 2537 372 2578 se
393 2519 500 2580 vidisse
521 2519 630 2597 lovem,
655 2536 722 2579 cum
744 2537 833 2597 saepe
856 2522 1024 2597 nigrantem

194 2603 297 2681 aegida
317 2609 488 2663 concuteret
509 2602 615 2664 dextra
633 2602 810 2680 nimbosque
831 2604 931 2663 cieret.

193 2688 267 2748 haec
289 2687 347 2747 duo
368 2692 524 2765 praeterea
547 2686 676 2753 disiectis
698 2686 805 2763 oppida
827 2689 928 2753 muris,
1169 2695 1222 2747 351

193 2770 332 2850 reliquias
357 2775 550 2849 veterumque
570 2770 651 2831 vides
672 2770 852 2831 monimenta
875 2772 1018 2831 virorum.

194 2855 272 2916 hanc
293 2853 380 2916 lanus
400 2861 494 2933 pater,
517 2854 594 2915 hano
616 2853 760 2916 Saturnus
779 2855 911 2917 condidit
932 2874 1048 2917 arcem:

193 2937 356 3011 ianiculum
377 2938 456 3010 huic,
479 2937 520 3001 illi
542 2938 639 3001 iuerat
661 2938 797 3001 Saturnia
820 2939 948 3002 nomen!

195 3023 302 3084 talibus
323 3024 400 3085 inter
423 3041 456 3084 sc
475 3025 561 3086 dictis
582 3025 619 3086 ad
639 3031 718 3086 tecta
739 3024 879 3086 subibant

193 3110 334 3187 pauperis
353 3108 485 3170 Euandri
504 3111 674 3190 passimque
696 3117 829 3170 armenta
848 3109 987 3171 videbant
1168 3116 1222 3168 311

194 3191 388 3270 Romanoque
410 3193 476 3253 foro
499 3200 529 3255 et
547 3193 633 3255 lautis
655 3195 770 3271 mugire
791 3192 915 3254 Carinis.

194 3283 227 3338 ut
248 3281 367 3336 ventum
390 3276 427 3337 ad
450 3277 545 3347 sedes,
569 3275 673 3337 ‘haec'
695 3277 792 3354 inquit
813 3277 926 3337 ‘limina
949 3278 1041 3338 victer

106 3404 109 3408 -
195 3358 312 3421 Alcides
335 3359 434 3430 subiit,
454 3359 529 3422 baec
550 3359 633 3420 illum
655 3361 736 3438 regia
759 3359 845 3438 cepit.

195 3443 279 3515 aude,
301 3444 420 3524 hospes,
445 3452 635 3506 contemnere
659 3461 730 3522 opes
754 3450 782 3505 et
804 3450 833 3505 te
854 3463 971 3525 quoque
995 3444 1116 3522 dignum

195 3529 272 3607 linge
291 3529 346 3590 deo
367 3527 517 3608 rebusque
538 3529 604 3590 veni
623 3545 683 3589 noo
707 3546 793 3608 asper
816 3528 935 3607 egenis'
1166 3538 1220 3590 1115
