2512 4096
357 309 359 313 .
442 276 585 325 vnnonn
605 275 731 324 anunrs
751 277 814 324 vrrr
839 267 854 298 ·
1072 260 1132 322 253

121 432 249 496 Arcadas
269 431 339 493 huic
362 433 475 513 equites
492 431 539 493 bis
564 439 692 502 centum,
714 431 825 492 robora
841 430 928 509 pubis

132 523 196 577 ecta
215 515 291 577 dabo
313 516 493 596 totidemque
514 533 568 576 suo
582 515 642 577 sibi
663 532 788 576 munere
808 513 927 575 Pallas'

163 599 218 660 Vix
240 617 274 662 ea
295 597 372 662 fatus
394 610 466 664 erat.
487 599 633 679 defixique
655 616 707 659 ora
727 597 867 660 tenebant
1083 606 1154 656 520.

122 685 234 745 deneas
256 683 445 746 Anchisiades
470 691 501 744 et
521 685 597 745 fidus
617 682 743 744 Achates

121 766 271 846 multaque
291 767 366 830 dura
381 785 436 830 suo
458 768 533 828 tristi
556 785 623 830 cum
645 766 736 829 corde
757 765 908 848 putabant,

121 855 152 911 ni
170 851 287 929 signum
309 850 390 913 caclo
413 850 556 932 Cytherea
578 851 708 913 dedisset
728 858 841 930 aperto.

121 953 248 1015 namque
266 936 415 1014 inproviso
436 935 566 998 vibratus
588 935 625 996 ab
648 936 767 998 aethere
789 933 887 1013 fulgor

120 1037 188 1079 cum
211 1021 307 1081 sonitu
327 1021 415 1091 venit,
435 1025 463 1081 et
484 1037 574 1082 ruere
596 1021 694 1081 omnia
715 1019 776 1080 visa
799 1026 923 1099 repente
1086 1025 1135 1076 ors

121 1101 352 1182 Tyrrhenusque
372 1103 462 1165 tubae
484 1106 600 1183 mugire
621 1122 676 1184 per
698 1103 828 1166 aethera
844 1102 974 1180 clangor.

121 1187 293 1264 suspiciunt,
316 1188 425 1249 iterum
446 1194 533 1266 atque
555 1189 662 1249 iterum
687 1188 788 1266 fragor
809 1189 943 1265 increpat
961 1187 1082 1264 ingens:

122 1286 204 1330 arma
225 1270 303 1332 inter
323 1269 434 1332 nubem
455 1270 527 1332 caeli
547 1272 669 1350 regione
691 1288 796 1332 serena

122 1371 177 1433 per
200 1353 316 1415 srridum
334 1353 456 1416 rutilare
477 1355 577 1416 vident
600 1361 629 1416 et
647 1354 732 1432 pulsa
751 1361 864 1415 tonare.

124 1436 294 1517 obstipuere
316 1438 420 1499 animis
441 1437 498 1510 alii,
521 1438 572 1500 sed
594 1438 702 1499 Troius
723 1438 813 1500 heros
1086 1445 1136 1496 535

123 1520 260 1599 adgnovit
279 1523 406 1584 sonitum
427 1530 456 1584 et
478 1522 560 1583 divae
580 1522 725 1602 promissa
747 1523 886 1601 parentis.

122 1613 185 1666 tum
206 1614 350 1667 memorat
369 1616 422 1668 ‘ne
442 1624 522 1677 vero,
544 1606 661 1686 hospes,
684 1624 723 1667 ne
745 1623 854 1686 quaere
876 1605 1020 1686 profecto,

123 1706 212 1769 quem
232 1707 333 1751 casum
353 1697 491 1769 portenta
508 1690 619 1753 ferant:
639 1707 694 1768 ego
713 1707 821 1770 poscor
841 1689 975 1770 Olympo.

123 1773 181 1833 hoc
203 1775 320 1852 signum
339 1776 444 1836 cecinit
462 1775 619 1836 missuram
642 1774 708 1836 diva
730 1776 866 1845 creatrix,

123 1857 147 1917 si
168 1856 278 1919 bellum
297 1860 458 1938 ingrueret,
479 1858 676 1940 Volcaniaque
696 1876 777 1920 arma
798 1875 852 1936 per
872 1874 959 1918 auras
1087 1862 1138 1914 535

122 1939 248 2003 laturam
270 1942 385 2004 auxilio.
505 1940 506 1947 ’
974 1996 976 1999 .

123 2024 182 2085 heu
204 2032 330 2102 quantae
351 2028 466 2087 miseris
487 2025 593 2087 caedes
612 2023 810 2086 Laurentibus
831 2023 954 2083 instant!

125 2125 198 2185 quas
218 2125 329 2186 poenas
350 2108 431 2178 mihi,
453 2108 563 2178 Turne,
583 2107 681 2169 dabisl
701 2124 790 2186 quam
815 2105 906 2166 multa
923 2103 979 2165 sub
1002 2104 1096 2166 undas

124 2197 207 2251 scuta
227 2191 322 2251 virum
344 2190 500 2269 galeasque
522 2198 551 2252 et
572 2190 658 2251 fortia
680 2206 807 2268 corpora
827 2187 933 2258 volves,
1122 2245 1127 2252 ,

124 2273 236 2352 Thybri
249 2274 348 2353 pater!
369 2280 493 2353 poscant
510 2275 588 2335 acies
609 2280 638 2334 et
660 2273 780 2335 foedera
801 2272 959 2351 rumpant!
1088 2279 1139 2330 540

166 2357 246 2420 ilaec
264 2357 316 2420 ubi
336 2357 413 2419 dicta
433 2357 521 2429 dedit,
544 2355 617 2418 solio
639 2375 671 2419 se
692 2355 766 2417 tollit
787 2355 824 2417 ab
845 2355 903 2418 alto

125 2449 154 2504 et
176 2443 307 2522 primum
326 2439 478 2504 Herculeis
496 2442 605 2521 sopitas
626 2440 745 2521 ignibus
766 2459 832 2503 aras

125 2527 231 2588 excitat
251 2525 482 2605 hesternumque
501 2525 594 2588 larem
616 2543 782 2606 parvosque
802 2527 915 2604 penatis
953 2558 955 2563 η

124 2611 218 2673 laetus
240 2609 313 2672 adit:
335 2617 464 2672 mactant
483 2610 574 2672 lectas
597 2610 738 2672 demere
759 2609 885 2672 bidentis

123 2694 280 2758 Euandrus
299 2695 419 2774 pariter,
443 2696 553 2775 pariter
572 2695 697 2756 Troiana
719 2695 863 2756 iuventus.
1088 2702 1138 2753 545

123 2786 192 2860 post
213 2779 283 2841 binc
303 2780 339 2840 ad
358 2781 440 2842 navis
457 2780 595 2858 graditur
615 2780 770 2860 sociosque
787 2780 896 2841 revisit

124 2881 253 2941 quorum
275 2863 312 2925 de
329 2882 454 2926 numero
474 2867 525 2946 qui
545 2882 610 2926 sese
631 2867 662 2925 in
677 2863 753 2926 bella
773 2870 934 2944 sequantur

123 2948 301 3026 praestantis
320 2950 427 3008 virtuts
448 2944 534 3027 legit;
555 2965 625 3026 pars
647 2955 744 3010 cetera
764 2966 858 3027 prona

124 3030 219 3090 fertur
241 3047 316 3108 aqua
339 3031 497 3109 segnisque
522 3031 650 3093 seeundo
671 3031 773 3094 defluit
794 3034 883 3105 anmi,

125 3114 226 3174 nuntia
246 3120 370 3176 ventura
391 3115 514 3176 Accam
534 3133 695 3195 rerumque
716 3118 877 3196 patrisque.
1087 3123 1138 3176 555

126 3197 233 3258 dantur
255 3199 322 3276 equi
343 3197 466 3261 Teucris
486 3198 638 3279 Tyrrhena
659 3199 825 3279 petentibus
847 3220 931 3270 arva;

126 3280 239 3343 ducunt
260 3288 406 3345 exsortem
422 3284 547 3355 densae,
570 3302 658 3363 quem
679 3283 757 3346 fulva
775 3284 870 3348 leonis

125 3363 211 3444 pellis
231 3364 293 3427 obit
310 3373 414 3436 totum,
435 3368 624 3448 praefulgens
647 3368 796 3448 unguibus
818 3372 925 3450 aureis.

168 3449 258 3510 Fama
280 3450 358 3512 volat
377 3468 497 3530 parvam
516 3451 613 3514 subito
629 3452 742 3530 uolgata
764 3471 819 3532 per
840 3453 956 3523 urbem,

126 3535 209 3596 ocius
230 3533 274 3597 ire
296 3536 408 3618 equites
430 3536 577 3616 Tyrrheni
598 3536 636 3599 ad
656 3536 741 3598 litora
763 3538 850 3614 regis.
1088 3542 1138 3592 555
