2512 4096
119 268 161 329 56
415 276 557 326 eunoun
579 276 780 326 ononorcon
800 277 841 325 111

119 431 198 492 solve
219 450 331 501 marem
353 435 435 493 mitte
455 434 485 492 in
507 431 650 492 Venerem
671 432 809 508 pecuaria
830 432 961 508 primus,

119 523 207 593 atquc
228 514 313 575 aliam
335 514 447 577 exalia
469 515 636 592 generando
658 514 759 575 suffice
779 514 906 592 prolem.
1099 530 1125 588 ss

120 600 228 675 optima
250 616 383 679 quaeque
405 599 466 659 dies
488 599 603 659 miseris
623 596 797 658 mortalibus
818 600 880 658 aevi

113 681 213 758 -prima
235 681 323 759 fugit:
346 682 472 743 subeunt
493 679 589 741 morbi
609 682 757 760 tristisque
777 689 916 743 senectus

120 771 149 825 et
168 762 267 834 labor,
291 771 319 825 et
339 765 432 827 durae
453 765 529 841 rapit
549 762 734 824 inclementia
755 764 866 824 mortis

119 866 235 926 semper
257 855 356 919 erunt,
380 865 503 926 quarnm
524 848 631 909 mutari
653 864 778 924 corpora
799 846 900 908 malis:

119 948 236 1007 semper
258 932 335 990 enim
356 932 444 991 refice
466 949 515 1000 ac,
538 948 575 990 ne
596 937 663 1008 post
683 932 789 991 amissa
810 931 959 1009 requiras,

119 1015 272 1075 anteveni
294 1020 322 1074 et
343 1013 476 1074 subolem
497 1020 630 1074 armento
652 1015 759 1074 sortire
779 1015 947 1093 quotannis.

160 1096 222 1158 Nec
241 1113 301 1157 non
324 1104 352 1156 et
373 1097 473 1174 pecori
496 1103 539 1156 est
560 1098 638 1158 idem
660 1096 783 1157 dilectus
805 1098 923 1175 equino.

118 1187 150 1240 tu
171 1180 274 1250 modo,
297 1197 371 1257 quos
393 1181 422 1238 in
444 1198 527 1257 spem
547 1187 657 1240 statues
678 1180 860 1242 summittere
881 1184 994 1259 gentis,

118 1266 309 1341 praecipuum
331 1264 388 1324 iam
410 1264 478 1324 inde
499 1282 515 1324 a
536 1264 646 1324 teneris
662 1260 799 1341 imp'ende
819 1261 967 1326 laborem.

119 1347 257 1406 continuo
277 1348 393 1423 pecoris
415 1349 549 1423 generosi
570 1346 668 1424 pullus
690 1348 720 1406 in
742 1347 818 1407 arvis

119 1427 205 1490 altius
225 1429 402 1505 ingreditur,
425 1439 454 1492 et
474 1429 573 1491 mollia
596 1446 683 1491 crura
704 1430 834 1507 reponit;

118 1511 231 1589 primus
254 1518 282 1572 et
303 1513 346 1573 ire
368 1513 443 1574 viam
464 1520 494 1574 et
514 1513 617 1573 fluvios
638 1520 782 1590 temptare
802 1513 942 1574 minantis

120 1594 206 1655 audet
228 1601 257 1654 et
277 1596 375 1673 ignoto
398 1613 462 1657 sese
484 1598 665 1657 summittere
687 1597 776 1674 ponti,

119 1696 175 1738 nec
195 1695 284 1738 vanos
306 1678 408 1738 horret
429 1680 575 1756 strepitus.
619 1679 661 1739 illi
682 1679 773 1740 ardua
795 1679 892 1739 cervix

120 1766 313 1839 argutumque
335 1768 435 1838 caput,
457 1761 553 1822 brevis
575 1761 653 1823 alvos
674 1763 822 1841 obesaque
842 1769 936 1838 terga,
986 1806 990 1815 ,

118 1842 303 1921 luxuriatque
325 1846 397 1905 toris
418 1846 581 1906 animosum
602 1852 714 1924 pectus.
758 1844 873 1905 honesti

118 1927 250 2004 spadices
273 1925 440 2006 glancique,
464 1927 545 1989 color
567 1929 741 1989 deterrimus
763 1927 836 1988 albis

120 2016 149 2070 ct
170 2010 254 2088 gilvo.
298 2018 374 2080 tum,
397 2013 481 2091 siqua
502 2030 607 2073 sonum
628 2011 733 2090 procul
754 2029 836 2071 arma
858 2010 981 2084 dedere,

118 2099 196 2153 stare
216 2092 281 2155 loco
303 2096 409 2164 nescit,
432 2097 521 2156 micat
541 2095 662 2156 auribus
684 2102 713 2156 et
733 2095 833 2155 tremit
853 2101 944 2166 artus,

120 2175 331 2255 collectumque
352 2196 491 2255 premens
511 2179 598 2239 volvit
619 2177 674 2239 sub
696 2177 816 2238 naribus
837 2178 946 2256 ignem.

119 2258 208 2336 densa
229 2259 311 2330 iuba,
336 2268 364 2321 et
385 2262 488 2322 dextro
510 2263 613 2322 iactata
634 2261 780 2322 recumbit
801 2263 831 2320 in
852 2279 954 2333 armo;

119 2349 149 2400 at
170 2340 278 2418 duplex
300 2344 395 2419 agitur
416 2362 470 2422 per
491 2344 607 2406 lumbos
629 2346 726 2423 spina,
750 2350 889 2422 cavatque

119 2422 255 2485 tellurem
276 2432 305 2484 et
326 2425 417 2486 solido
439 2428 565 2505 graviter
587 2435 671 2488 sonat
691 2426 799 2506 ungula
822 2444 922 2489 cornu.

119 2505 184 2565 talis
204 2507 350 2585 Amyclaei
371 2509 498 2569 domitus
518 2508 644 2571 Pollucis
665 2511 787 2572 habenis

120 2588 250 2668 Cyllarus
271 2597 314 2661 et,
337 2609 463 2669 quorum
485 2592 554 2652 Grai
575 2595 735 2656 meminere
755 2602 868 2671 poetae,
1097 2612 1131 2667 no

119 2671 218 2732 Martis
239 2674 307 2751 equi
328 2673 441 2751 biiuges
463 2682 491 2734 et
512 2679 610 2754 magni
631 2695 737 2737 currus
757 2676 886 2738 Achillei.

120 2754 183 2814 talis
206 2757 318 2834 etipse
339 2755 437 2816 iubam
459 2760 571 2819 cervice
593 2761 713 2820 effundit
734 2763 839 2838 equina

121 2837 252 2912 coniugis
273 2839 397 2899 adventu
418 2842 523 2916 pernix
545 2842 702 2913 Saturnus,
726 2850 755 2903 et
775 2843 865 2904 altum

119 2918 220 2978 Pelion
241 2921 355 2982 hinnitu
376 2924 491 2999 lugiens
509 2925 639 3002 implevit
658 2932 754 2986 acuto.

161 3002 246 3063 Hunc
259 3021 385 3083 quoqne,
398 3005 448 3065 ubi
456 3019 506 3068 aut
518 3008 622 3067 morbo
637 3009 733 3085 gravis
744 3018 794 3070 aut
803 3011 860 3070 iam
871 3011 993 3088 segnior
1003 3017 1129 3083 anniseo

121 3082 232 3155 delicit,
267 3086 341 3147 abde
364 3089 465 3159 domo,
488 3108 543 3151 nec
565 3092 643 3168 turpi
662 3093 783 3168 ignosce
802 3099 947 3164 senectae,
1050 3086 1053 3090 ’
1097 3109 1130 3165 96

120 3169 251 3243 quamue
271 3186 359 3246 saepe
380 3171 447 3250 luga
468 3192 568 3234 versos
589 3172 637 3235 ille
659 3177 751 3252 egerit
772 3177 872 3246 hostis,
1080 3194 1131 3248 ltu

120 3255 150 3307 et
171 3250 293 3325 patriam
314 3252 435 3329 Epirum
456 3257 565 3316 reserat
585 3257 726 3336 sortisque
747 3260 891 3339 Mycenas,

120 3329 305 3410 Neptunique
325 3336 386 3413 ipsa
408 3338 532 3412 deducat
554 3340 665 3416 origine
687 3349 812 3418 gentem.
1079 3359 1130 3415 m

120 3412 243 3508 frigidus
263 3416 293 3474 in
308 3417 451 3481 Venerem
472 3423 585 3492 senior,
608 3424 775 3502 frustraque
794 3425 928 3486 laborem
1095 3440 1128 3498 97

119 3505 265 3576 ingratum
286 3499 390 3571 trahit,
413 3511 442 3564 et
462 3505 603 3584 siquando
625 3506 662 3566 ad
683 3506 793 3583 proelia
814 3515 967 3580 ventumst,
