2512 4096
274 243 306 290 Ρ.
321 239 467 290 venerut
489 238 644 289 MABONIS
666 238 857 289 annoanlo.
985 243 1071 294 XXX}

57 406 110 461 lam
125 401 246 461 adultum
255 394 285 476 ¹).
316 409 425 458 mortuo
446 407 522 474 patre
537 399 622 474 Magia
636 398 713 456 Polla
727 400 824 457 alteras
838 402 947 474 nuptias
966 404 1072 469 inierat.

58 487 132 544 unde
153 485 224 542 iilius
245 485 291 542 ille
306 495 385 542 natus
401 493 444 541 est
457 484 579 540 Valerius
593 483 735 541 Proculus.
766 483 863 541 Flacco
878 493 965 543 mater
978 504 1073 562 super·

58 579 116 627 stes
130 569 197 634 luit,
214 570 262 625 sed
279 569 354 626 luctu
369 569 454 626 fracta
468 584 523 624 non
538 568 585 624 diu
599 569 781 641 supervixisse
796 563 960 642 amatur2).
985 588 1074 645 neque

59 670 174 711 uxorem
195 661 277 727 poeta
296 661 392 711 noster
407 668 532 725 umquam
553 651 646 708 habuit
667 668 756 726 neque
776 652 810 708 de
831 655 913 709 amica
928 656 1074 730 quidquam

58 737 111 795 tide
123 737 201 812 digni
216 736 343 794 traditum
358 745 410 794 est.
435 752 496 792 nam
511 736 638 792 refutavit
648 737 780 793 Asconius
795 736 927 794 Pedianus
939 735 1074 815 vulgatam

59 822 91 878 ab
120 821 348 878 obtrectatoribus
376 822 471 877 lamam
498 821 722 877 consuetudinem
744 823 768 877 ei
794 821 877 877 luisse
899 839 959 880 cum
979 825 1074 883 Plotia

58 906 178 977 Hieria,
207 905 237 962 L.
259 905 330 961 Varii
352 906 448 970 amica,
475 903 633 961 Maecenatis
654 905 718 961 olim
740 899 875 979 ancillal).
912 910 1026 981 pronior
1047 912 1074 965 in

58 1006 160 1064 pueros
181 990 340 1063 praesertim
361 989 483 1046 eruditos
503 991 616 1045 maxime
636 989 761 1045 dilexisse
788 990 876 1046 lertur
895 993 972 1048 cuius
993 1010 1075 1068 supra

59 1075 162 1130 mentio
179 1074 248 1130 lacta
260 1081 302 1131 est
312 1074 513 1132 Alexandrum
526 1090 540 1129 a
554 1073 677 1129 Pollione
693 1081 721 1130 et
737 1074 873 1145 Cebetem,
891 1077 937 1146 qui
952 1085 980 1132 et
993 1083 1076 1150 poeta

59 1167 131 1223 erat,
148 1175 164 1213 a
178 1157 330 1214 llaecenate
345 1158 396 1214 sihi
411 1158 539 1215 donatum
546 1152 579 1230 4).
610 1158 741 1213 incertior
760 1159 890 1214 memoria
905 1167 948 1215 est
962 1159 995 1215 de
1011 1161 1075 1217 cho·

131 1307 151 1371 ¹)
170 1305 276 1355 Donati
288 1319 314 1370 p.
327 1306 359 1356 57
372 1307 404 1357 R.
423 1306 605 1368 verberant,
625 1305 672 1371 qui
691 1320 761 1370 qnae
781 1305 859 1355 addit
878 1308 964 1356 ‘cuius
981 1310 1076 1359 emitum

59 1373 105 1424 sud
128 1374 228 1423 nomine
254 1373 401 1436 Daphnidis
423 1374 520 1437 dedet?v
547 1388 620 1423 vana
647 1372 867 1438 allegoristarnm
896 1373 1002 1424 fabella
1024 1383 1075 1441 est,

61 1441 181 1506 repetita
201 1456 217 1489 a
237 1438 346 1501 Servio,
365 1439 551 1504 Philargyrio,
570 1439 656 1490 schol.
674 1441 756 1490 Bern.
776 1439 813 1489 ad
830 1439 880 1493 ecl.
893 1443 919 1491 V
931 1456 989 1507 arg.
1003 1448 1031 1493 et
1043 1444 1076 1494 20

64 1508 112 1571 (of.
131 1506 234 1558 anthol.
252 1507 316 1559 Lat.
336 1507 364 1556 11
383 1509 432 1557 202
444 1506 502 1572 Β.);
523 1521 556 1557 ex
575 1507 674 1571 quibua
692 1507 743 1556 alii
760 1507 816 1558 alia
833 1510 986 1573 pugnantia
1003 1511 1077 1560 inter

60 1590 90 1626 55
108 1575 222 1639 solaque
242 1575 425 1639 perversitate
443 1574 544 1625 similia
563 1575 774 1626 somniaverunt.

131 1639 152 1705 ²)
173 1644 327 1705 ‘superstite
339 1644 402 1692 enim
421 1641 497 1691 Maia
513 1648 593 1692 matre
613 1642 718 1692 Flaccus
730 1644 864 1705 defunctus
876 1651 927 1701 est,
947 1661 1011 1710 quae
1024 1647 1076 1695 eius

59 1716 166 1759 mortem
186 1711 302 1773 praviter
320 1710 411 1773 serens
432 1723 482 1760 non
504 1711 547 1759 dia
568 1711 721 1774 supervicit.
758 1710 867 1760 Iunilius
888 1712 966 1761 dicit’
992 1711 1076 1762 schol.

61 1780 145 1828 Bern.
164 1776 200 1826 ad
218 1775 270 1827 ecl.
289 1776 314 1825 V
331 1779 372 1827 22.

131 1842 152 1905 ⁸)
170 1843 213 1893 De
231 1843 283 1894 hoc
295 1845 403 1894 nomina
423 1843 609 1910 disputantem
621 1844 686 1896 vida
698 1844 734 1894 H.
748 1844 893 1908 Hagenum
909 1847 938 1895 in
957 1845 1076 1912 prolegg.

61 1925 183 1961 meorum
200 1911 288 1975 praei.
308 1927 334 1977 p.
346 1912 385 1963 VI
398 1927 456 1977 sqq.
486 1915 569 1977 atqua
585 1913 615 1961 in
632 1913 738 1962 Donati
755 1928 782 1976 p.
796 1914 842 1974 57,
860 1915 876 1962 4
894 1913 927 1965 R.
946 1912 1008 1963 loco
1027 1915 1077 1964 hoc

63 1981 206 2043 ‘culpatum
230 1987 268 2029 est
290 1994 424 2030 consuesse
445 1995 499 2029 eum
521 1987 548 2028 ct
569 1994 622 2028 cam
645 1981 732 2029 Plotia
755 1980 857 2028 Hieria.
880 1981 928 2028 sed
949 1980 1078 2030 Asconius

63 2046 194 2096 Pedianus
212 2049 329 2110 adfirmat
346 2049 429 2111 ipsam
443 2053 537 2110 postea
553 2048 672 2095 maiorem
690 2054 751 2095 natu
762 2060 873 2094 narrare
890 2046 997 2104 solitam,
1016 2049 1078 2097 inui-

65 2120 144 2162 tatum
165 2115 263 2177 qaidem
285 2130 302 2164 a
323 2116 404 2165 Vario
427 2116 463 2163 ad
484 2114 745 2170 armantarmant,
767 2127 852 2162 aerum
875 2113 1078 2175 pertinacissime

61 2184 211 2230 recrrsassc’
230 2181 412 2232 Pithoeonum
430 2180 552 2230 codicem
571 2176 674 2228 saeculi
691 2180 731 2228 IX
747 2180 813 2228 teria
832 2177 961 2231 exhibere
979 2196 1079 2247 nuper·
1115 2232 1117 2237 ,

62 2247 129 2297 rima
146 2250 269 2296 testatus
287 2252 331 2296 est
348 2247 523 2296 Woelfflinua
540 2246 570 2294 in
587 2243 688 2295 Philol.
706 2246 799 2297 XXIV
817 2247 874 2297 155.
899 2250 968 2298 ‘tres
985 2251 1078 2299 dicitur

62 2329 162 2365 amasse
184 2315 326 2377 Verpilias:
348 2314 527 2362 Alexandrum
544 2327 616 2376 quern
633 2313 737 2363 donauit
758 2315 782 2362 ei
798 2313 894 2372 Pollio,
919 2322 945 2364 ct
963 2316 1078 2368 Cebetem

62 2395 168 2447 patarum
186 2395 240 2429 cam
262 2380 336 2429 Ieria
355 2379 440 2444 (vulg.
459 2380 550 2441 Leria)
573 2381 672 2444 puella,
696 2396 759 2445 quos
775 2397 792 2431 a
810 2381 963 2433 Maecenate
986 2386 1079 2435 dieitur

62 2449 212 2511 accepisse’
232 2446 345 2498 Servius
364 2447 399 2496 ad
418 2446 468 2498 ecl.
487 2447 514 2497 11
537 2447 577 2498 15.
605 2443 792 2514 [1555155555]
819 2452 955 2514 alleporice
979 2453 1078 2516 quidam

62 2518 149 2567 uolunt
172 2515 291 2565 Hiertam
313 2517 425 2580 intellepi
445 2515 608 2566 Maecenatis
634 2518 762 2574 ancillam,
789 2532 853 2581 qnae
875 2519 969 2568 dicitur
990 2521 1079 2571 vinosa

59 2585 159 2648 fuisses
177 2585 277 2648 quidam
299 2585 366 2633 Vari
381 2585 500 2633 amicam’
520 2581 604 2633 schol.
621 2581 701 2632 Barn.
719 2582 755 2632 ad
774 2584 826 2634 551.
844 2585 883 2634 VI
902 2586 933 2635 ll
952 2587 1078 2636 emenda·

62 2655 121 2700 tum
135 2651 168 2701 ab
181 2651 299 2715 Hageno
311 2650 329 2703 l.
342 2650 361 2700 1.
376 2655 404 2700 et
416 2650 450 2700 ad
468 2649 566 2702 scholi.
579 2651 662 2700 Bern.
681 2666 706 2715 p.
720 2652 779 2702 688.
798 2653 845 2716 qui
857 2657 940 2702 acute
959 2654 1078 2705 coniecit

63 2718 188 2768 Cambari
219 2718 267 2780 (an
295 2717 468 2779 Cantharaeil
499 2733 598 2769 nomen
627 2722 741 2783 propter
763 2719 941 2770 vinositatem
965 2719 1078 2772 Hierico

62 2785 180 2836 inditum
199 2784 295 2836 fuisse.
325 2801 390 2851 ergo
403 2801 472 2835 5555
484 2784 635 2836 temulenta
649 2784 723 2847 (nam
735 2785 855 2850 puellam
872 2787 901 2837 in
919 2787 971 2836 hoc
982 2788 1079 2838 vitium

62 2852 196 2904 incidisse
214 2867 270 2903 non
287 2852 451 2917 putaverim)
469 2853 584 2903 mortuis
595 2851 719 2917 Vergilio
738 2857 766 2903 et
778 2853 861 2904 Vario
873 2857 954 2918 turpe
966 2854 1079 2906 menda-

64 2922 136 2971 cium
147 2917 337 2970 venditarisse
349 2920 472 2981 videtur,
492 2934 609 2983 quocum
621 2920 657 2969 ci.
672 2934 742 2985 quaa
755 2918 788 2970 de
800 2922 932 2985 Pompeio
945 2925 974 2971 et
987 2922 1079 2973 Gemi·

64 2989 110 3037 nio
128 2987 213 3036 Flora
231 2987 362 3036 meretrix
380 2987 492 3051 grandis
511 2990 578 3036 natu
595 2987 753 3037 narravisse
773 2987 861 3038 fartam
878 2987 952 3053 apud
970 2987 1080 3039 Plutar-

66 3055 147 3105 chum
158 3053 252 3117 Pomp.
267 3056 291 3102 2.
327 3054 360 3104 (15
370 3058 379 3085 ‘
386 3069 416 3102 re
434 3068 568 3119 nusquam
584 3053 685 3115 lecta'‚
704 3068 786 3118 quam
798 3054 909 3105 Servius
923 3053 959 3103 ad
971 3055 1022 3105 ecl.
1036 3057 1079 3106 III

64 3124 98 3172 20
122 3119 298 3186 allegoristae
322 3121 453 3185 quosdam
475 3119 624 3186 protulisse
643 3119 723 3183 dicit,
746 3119 809 3171 ride
832 3122 955 3187 prolagg.
974 3138 1001 3187 p.
1021 3125 1078 3176 101.

132 3185 153 3249 4)
173 3188 301 3238 ‘labadame
312 3191 339 3238 in
349 3204 445 3253 pueros
453 3190 594 3253 pronioris,
613 3203 716 3253 5555555
733 3190 842 3239 mate
860 3191 952 3239 dileait
966 3189 1080 3240 Cebetem

30 3280 33 3286 ·
65 3264 90 3308 et
107 3256 299 3316 Aleoeundrum,
324 3272 395 3322 quern
412 3253 524 3307 secunda
546 3256 712 3307 bucolicorum
730 3259 818 3321 eclopa
835 3258 938 3308 Alexim
956 3261 1078 3321 appellat.

66 3327 185 3374 donatum
201 3324 250 3374 sibi
266 3324 298 3373 ab
316 3326 408 3375 Asinio
427 3325 551 3384 Pollione,
569 3331 700 3389 atrumque
719 3339 769 3374 non
786 3326 945 3383 ineruditum,
963 3323 1079 3374 Cebetem

65 3404 126 3442 uero
139 3397 164 3441 ct
173 3395 293 3454 poetam'
306 3393 433 3443 Donatus
452 3409 477 3457 p.
491 3393 524 3442 50
537 3407 576 3457 sq.
589 3393 623 3443 R.
642 3397 707 3442 ‘uno
726 3397 820 3441 tantan
831 3392 918 3443 morbo
931 3391 1079 3442 laborabat:

66 3475 123 3508 naar
145 3459 279 3521 impatiens
299 3461 409 3511 libidinis
428 3461 494 3523 fuit'
518 3459 630 3510 Servius
648 3460 678 3508 in
694 3459 763 3510 rita.
797 3458 883 3510 addas
901 3458 977 3509 15555
995 3471 1080 3523 supra

66 3525 197 3577 laudatos
216 3528 245 3574 et
261 3524 403 3576 Iuvenalis
420 3528 472 3578 VII
490 3529 522 3578 67
541 3525 610 3591 (69),
630 3527 749 3591 denique
769 3526 850 3576 catal.
870 3525 960 3577 VIIII.
