2512 4096
409 276 552 325 VERGlIrI
568 277 692 328 Amnum
708 278 731 327 V

59 431 170 494 ltaliam
193 428 343 509 sequimur
364 431 525 508 fugientem
547 439 574 492 et
596 431 737 493 volvimur
758 433 852 494 undis.

60 517 107 577 nic
128 515 228 595 Erycis
249 514 322 575 flnes
344 515 466 574 fraterni
488 522 574 593 atque
594 515 702 592 hospes
720 521 855 578 Acestes:

66 594 143 678 'quis
162 597 300 676 prohibet
320 615 422 659 muros
443 599 539 659 iacere
562 605 591 660 et
610 599 680 660 dare
701 599 811 660 civibus
824 599 948 662 urbemi

57 701 75 743 o
99 684 239 760 patriast
261 684 338 760 rapti
359 683 536 760 nequiquam
556 701 591 743 ex
615 682 698 744 hoste
720 692 857 761 penates,

56 765 174 827 nullane
191 766 248 826 iam
268 765 374 826 Troiae
393 765 527 825 dicentur
548 766 681 826 moenia?
702 783 845 844 nusquam

56 849 218 911 Hectoreos
241 850 335 909 amnis
357 848 506 909 Xanthum
528 855 557 909 et
577 850 725 910 Simoenta
747 849 868 911 videbo?

57 935 127 1013 quin
148 934 225 1012 agite
248 940 277 994 et
299 950 415 993 mecum
436 932 577 993 infaustas
598 935 710 994 exurite
732 935 848 1011 puppis.

56 1034 124 1078 narn
146 1016 217 1077 mihi
241 1016 421 1078 Cassandrae
437 1033 492 1094 per
514 1033 650 1077 somnum
670 1016 741 1076 vatis
762 1018 857 1095 imago

57 1099 186 1161 ardentis
205 1098 275 1160 dare
295 1101 355 1161 visa
377 1100 470 1160 faces:
494 1100 566 1160 “hic
589 1102 718 1179 quaerite
740 1099 873 1170 Troiam,

57 1183 106 1248 hic
125 1182 228 1244 domus
249 1181 313 1244 est’'
337 1184 432 1261 inquit
450 1181 589 1243 “vobis''.
633 1185 690 1244 iam
712 1190 827 1260 tempus
847 1185 893 1260 agi
914 1202 977 1253 res,

56 1269 220 1328 nectentis
241 1284 324 1328 mora
347 1266 497 1343 prodigiis.
542 1284 579 1326 en
600 1274 738 1344 quattuor
758 1284 827 1327 arae

56 1350 207 1429 Neptuno;
231 1349 303 1411 deus
324 1351 388 1428 ipse
406 1350 484 1410 faces
507 1350 692 1429 animamque
710 1349 877 1411 ministrat'

57 1435 130 1496 haec
152 1451 321 1495 memorans
340 1435 436 1512 prima
457 1432 603 1493 infensum
624 1435 652 1494 vi
674 1434 795 1510 corripit
814 1435 910 1511 iguem

56 1517 229 1595 sublataque
251 1516 357 1596 procul
378 1517 480 1577 dextra
500 1518 602 1577 conixa
625 1524 759 1578 coruscat

57 1608 86 1663 et
109 1603 184 1663 iacit.
230 1608 363 1662 arrectae
385 1608 499 1662 mentes
520 1601 741 1680 stupefactaque
759 1602 848 1662 corda

56 1683 188 1764 Iliadum.
232 1685 280 1746 hic
298 1703 357 1746 una
379 1703 396 1746 e
415 1683 527 1752 multis,
552 1703 628 1763 quae
651 1684 776 1746 maxima
798 1692 883 1756 natu,

56 1769 169 1849 Pyrgo,
193 1776 236 1830 tot
256 1769 365 1830 Priami
386 1776 522 1830 natorum
547 1787 627 1848 regna
647 1770 760 1830 nutrix:

56 1862 132 1913 ‘uon
151 1854 246 1915 Beroe
268 1852 362 1922 vobis,
386 1870 445 1913 non
467 1853 540 1913 haec
562 1853 715 1923 Rhoeteia,
737 1858 861 1921 matres,

57 1944 101 1997 ost
118 1935 235 2015 Dorycli
258 1937 401 1996 coniunx:
423 1935 510 1996 divini
532 1938 614 2014 signa
636 1935 750 1995 decoris

56 2018 246 2096 ardentisque
267 2025 366 2079 notate
386 2018 502 2088 oculos,
525 2020 573 2096 qui
594 2020 712 2095 spiritus
732 2015 787 2084 illi,

57 2103 123 2180 quis
145 2100 240 2161 voltus
260 2101 398 2179 vocisque
421 2118 511 2160 sonus
533 2100 578 2162 vel
598 2117 717 2177 gressus
737 2100 825 2160 eunti.

56 2186 120 2263 ipsa
143 2191 258 2262 egomet
280 2184 391 2244 dudum
413 2183 528 2244 Beroen
550 2184 680 2260 digressa
701 2182 807 2261 reliqui

56 2285 190 2347 aegram,
210 2268 424 2346 indignantem,
447 2265 497 2326 tali
518 2267 596 2344 quod
619 2265 680 2326 sola
701 2271 816 2327 careret

56 2369 182 2413 munere
200 2369 256 2413 nec
278 2353 398 2413 meritos
419 2350 562 2411 Anchisae
583 2350 705 2410 inferret
726 2347 880 2410 honores.'

56 2435 131 2497 haec
154 2435 247 2497 effata.

56 2527 87 2581 at
108 2527 216 2580 matres
237 2521 332 2598 primo
351 2520 492 2598 aucipites
509 2517 660 2597 oculisque
680 2517 813 2598 malignis

58 2601 212 2680 ambiguae
233 2610 367 2680 spectare
387 2612 466 2665 rates
489 2604 626 2664 miserum
648 2605 724 2663 inter
746 2620 875 2663 amorem

56 2689 222 2765 praesentis
239 2694 337 2748 terrae
358 2687 482 2767 fatisque
504 2688 635 2748 vocantia
656 2704 763 2765 regna:

58 2787 127 2830 cum
149 2770 203 2830 dea
223 2788 255 2832 se
275 2769 396 2849 paribus
416 2789 470 2849 per
492 2770 605 2832 caelum
624 2769 740 2832 sustulit
762 2769 814 2830 alis

57 2854 265 2932 ingentemque
288 2853 356 2932 fuga
374 2857 466 2915 secuit
486 2854 541 2916 sub
564 2853 693 2914 nubibus
715 2872 825 2915 areum.

57 2944 121 2997 tum
142 2955 211 2998 vero
234 2938 373 2998 attonitae
391 2940 529 2998 monstris
550 2944 690 3015 actaeque
712 2939 812 2998 furore

59 3019 257 3090 conclamant,
281 3021 456 3098 rapiuntque
477 3021 549 3081 focis
566 3019 766 3096 penetralibus
787 3022 900 3096 ignem,

57 3121 127 3183 pars
148 3102 272 3183 spoliant
296 3121 377 3174 aras,
399 3104 534 3164 frondem
554 3120 588 3163 ac
608 3102 732 3178 virgulta
751 3102 887 3181 facesque

61 3189 218 3249 coniciunt.
261 3190 332 3249 furit
353 3189 479 3249 inmissis
500 3187 643 3247 Volcanus
664 3185 786 3247 habenis

61 3279 187 3332 transtra
207 3289 262 3350 per
283 3279 312 3332 et
333 3289 431 3332 remos
452 3279 481 3333 et
502 3273 593 3349 pietas
614 3269 708 3331 abiete
726 3272 840 3349 puppis.

57 3363 177 3416 nuntms
200 3355 342 3415 Anchisae
364 3356 401 3416 ad
423 3355 567 3417 tumulum
590 3372 757 3432 cuneosque
778 3354 883 3416 theatri
983 3376 995 3409 .-
1053 3402 1066 3425 ,

58 3439 191 3500 incensas
213 3437 325 3515 perfert
346 3441 425 3499 navis
443 3437 596 3507 Eumelus,
620 3445 648 3499 et
664 3438 719 3516 ipsi

44 3523 219 3602 respiciunt
243 3527 335 3581 atram
357 3522 387 3580 in
408 3522 508 3583 nimbo
528 3521 648 3583 volitare
670 3520 803 3582 favillam.
