2512 4096
154 281 215 345 352
466 291 607 340 vesona
629 292 754 340 asnms
777 292 827 338 xn

153 465 258 510 rursus
278 447 309 507 in
326 446 443 524 aurigae
465 447 569 507 faciem
591 454 701 507 mutata
719 445 830 508 Metisci

153 531 302 609 procurrit
322 529 463 608 fratrique
485 546 585 590 ensem
605 529 658 589 dea
680 529 791 589 Daunia
813 526 920 590 reddit.

154 614 230 693 quod
249 614 347 674 Venus
364 613 466 674 audaci
487 612 631 692 nymphae
652 612 798 689 indignata
820 611 909 672 licere

153 696 274 757 accessit
292 696 442 774 telumque
463 694 519 756 alta
541 695 577 755 ab
601 695 699 756 radice
720 694 841 755 revellit.

153 778 204 840 olll
221 777 369 848 sublimes,
391 779 480 839 armis
499 778 661 857 animisque
682 778 793 846 refecti,

153 862 202 924 hic
220 861 315 940 gladio
338 861 440 931 fidens,
462 862 511 922 hic
532 878 599 921 acer
622 868 650 921 et
671 860 780 921 arduus
802 862 893 930 hasta,

154 945 295 1007 adsistunt
317 952 418 1005 contra
441 944 598 1004 certamina
620 943 719 1004 Martis
741 942 845 1004 anheli.

196 1029 339 1089 lunonem
361 1029 473 1088 interea
493 1043 546 1087 rex
570 1027 776 1106 omnipotentis
795 1025 909 1105 Olympi

156 1110 322 1189 adloquitur
344 1109 421 1171 fulva
440 1125 554 1189 pugnas
575 1109 612 1169 de
633 1108 713 1170 nube
736 1116 881 1169 tuentem:

155 1204 247 1273 ‘quae
268 1194 325 1253 iam
343 1193 409 1252 linis
431 1194 496 1262 erit,
519 1193 663 1252 coniunxi
685 1193 754 1270 quid
772 1191 897 1270 denique
918 1190 1031 1252 testati
1115 1236 1119 1245 .

153 1276 314 1354 Indigetem
335 1277 453 1337 Aenean
472 1275 528 1335 sois
548 1277 612 1354 ipsa
633 1282 661 1335 et
679 1276 756 1335 scire
777 1275 877 1335 fateris

154 1359 255 1420 deberi
276 1357 356 1419 caelo
376 1357 500 1437 fatisque
522 1357 558 1418 ad
579 1358 674 1419 sidera
695 1357 766 1418 tolli.
1117 1364 1164 1418 tut

155 1441 223 1522 quid
242 1441 349 1502 struis?
368 1449 418 1503 aut
439 1460 496 1521 qua
517 1459 571 1519 spe
594 1440 695 1519 gelidis
713 1443 743 1500 in
761 1439 888 1502 nubibus
908 1440 1037 1501 haereat

153 1523 290 1586 mortalia
307 1525 404 1586 decuit
425 1524 525 1585 violari
547 1522 666 1585 voluere
688 1524 792 1594 divom,

154 1614 204 1669 aut
225 1625 324 1668 ensem
348 1606 426 1684 (quid
449 1609 527 1667 anim
549 1607 611 1668 sine
633 1614 661 1667 te
682 1607 801 1668 Iuturna
822 1606 959 1684 valeretl)

155 1700 287 1771 ereptum
309 1690 393 1751 reddi
414 1690 515 1751 Turno
532 1696 562 1749 et
581 1691 638 1749 rim
657 1707 791 1751 crescere
811 1689 910 1749 victis?
1228 1732 1234 1743 .

155 1774 254 1834 desine
275 1775 332 1835 iam
356 1773 473 1833 tandem
496 1771 692 1853 precibusque
714 1771 864 1834 inflectere
885 1773 1009 1834 nostris:
1114 1781 1163 1834 800
1229 1798 1232 1805 ·

154 1864 270 1919 ventum
292 1857 329 1917 ad
350 1872 521 1935 supremum
543 1865 595 1916 est.
625 1856 712 1916 terris
732 1858 843 1934 agitare
863 1853 908 1915 vel
929 1855 1019 1917 undis
1113 1864 1163 1916 aut

155 1941 297 2001 Troianos
318 1940 447 2018 potuisti,
470 1939 618 1999 infandum
638 1940 801 2000 accendere
822 1937 940 2010 bellum,
1239 1956 1247 2027 p

155 2024 319 2084 deformare
342 2022 460 2083 domum
483 2031 511 2082 et
532 2021 612 2083 luctu
633 2023 756 2083 miscere
777 2023 969 2102 hymenaeos:
1112 2031 1162 2084 soc
1242 2030 1246 2093 Ι

154 2106 275 2167 ulterius
295 2113 437 2184 temptare
458 2104 541 2166 veto)
577 2108 620 2166 sic
642 2106 771 2184 luppiter
789 2123 888 2172 orsus;
1243 2150 1246 2157 .

155 2190 196 2252 sic
217 2189 270 2249 dea
293 2190 447 2249 summisso
469 2196 568 2249 contra
589 2189 725 2249 Saturnia
746 2187 840 2248 voltu:
1243 2172 1248 2297 J

155 2275 226 2332 ‘ista
248 2271 364 2350 quidem
385 2273 452 2350 quia
474 2279 543 2333 nota
565 2272 636 2332 mihi
656 2278 715 2341 tua,
738 2288 852 2349 magne,
874 2270 1018 2341 voluntas,

155 2355 294 2433 luppiter,
317 2362 346 2415 et
367 2354 500 2416 Turnum
518 2361 547 2416 et
568 2360 662 2415 terras
680 2355 768 2415 invita
790 2353 910 2431 reliqui:

155 2453 210 2497 nec
231 2445 262 2497 tu
283 2455 330 2498 me
351 2440 430 2498 adria
452 2438 544 2498 solam
563 2455 642 2497 nunc
662 2437 731 2498 sede
749 2437 862 2497 rideres
1112 2443 1162 2496 sto

156 2520 242 2598 digna
262 2520 379 2597 indigna
402 2523 470 2597 pati,
493 2521 544 2581 sed
565 2520 689 2581 flammis
714 2522 807 2580 cincta
829 2519 883 2580 suh
901 2521 963 2597 ipsa

156 2610 264 2663 starem
287 2605 348 2664 acie
369 2604 578 2683 traheremque
599 2603 714 2663 inimica
736 2605 765 2662 in
784 2603 895 2681 proelia
915 2602 1059 2664 Teucros.

155 2686 305 2747 Iuturnam
327 2686 434 2745 misero
451 2686 564 2765 (fateor)
587 2703 761 2746 succurrere
785 2686 868 2746 fratri

155 2769 231 2828 suasi
255 2776 282 2827 et
304 2785 359 2844 pro
381 2768 437 2827 vita
459 2769 570 2829 maiora
591 2767 700 2829 audere
722 2768 853 2845 probari,
1093 2813 1098 2820 -

155 2858 265 2939 nontut
285 2850 341 2910 tela
363 2859 468 2922 tamen,
490 2868 549 2911 non
569 2859 602 2912 ut
622 2852 811 2913 contenderet
830 2869 947 2912 arcum:
1110 2860 1159 2909 ara

157 2933 259 2994 adiuro
278 2933 368 3012 Stygii
391 2941 478 3012 caput
498 2933 671 3013 inplacabile
692 2936 789 3006 fontis,

154 3033 212 3077 una
231 3018 396 3094 superstitio
420 3019 533 3096 superis
555 3037 630 3098 quae
651 3018 764 3079 reddita
785 3020 866 3080 divis.

155 3104 184 3159 et
202 3116 280 3159 nuno
302 3099 373 3159 cedo
393 3101 528 3178 equidem
549 3119 719 3180 pugnasque
741 3121 827 3164 exosa
851 3099 994 3179 relinquo.

154 3180 224 3241 illud
247 3188 284 3249 te,
306 3181 386 3242 nulla
399 3183 455 3243 ,fati
478 3185 557 3262 quod
577 3183 642 3261 lege
663 3192 789 3256 tenetur,

153 3280 209 3343 pro
231 3263 312 3323 Latio
332 3264 470 3333 obtestor,
495 3283 550 3344 pro
572 3269 721 3329 maiestate
737 3277 871 3330 tuorum:

156 3364 222 3407 cum
241 3348 296 3405 iam
317 3347 439 3407 conubis
456 3366 559 3426 paoem
580 3349 714 3412 felicibus
737 3350 819 3430 (esto)

156 3437 339 3508 component,
362 3448 428 3490 oum
447 3433 504 3491 iam
523 3430 602 3508 leges
624 3440 653 3493 et
668 3433 788 3494 foedera
807 3436 936 3511 iungeret,

155 3529 192 3572 ne
209 3518 291 3571 vetus
313 3512 462 3590 indigenas
483 3531 590 3574 nomen
609 3522 722 3576 mutare
745 3517 861 3577 Latinos
