2512 4096
118 263 179 326 376
437 275 468 323 r.
491 272 635 322 runcum
657 272 810 322 rannerus

118 434 213 492 rivere
235 430 279 490 uti
301 429 417 509 cupiam
439 429 507 489 ririt
528 446 629 508 genus.
652 435 685 489 ut
706 427 777 508 quid
799 445 855 507 ego
879 447 986 492 amens

118 523 146 576 te
168 521 283 592 erepta,
306 531 324 574 o
346 511 531 582 Britomarti,
554 513 615 572 mei
635 527 702 591 spes
724 528 782 573 una
804 511 970 591 sepulchri,
1092 520 1137 574 333

118 606 161 668 te,
184 596 369 667 Britomarti,
393 595 471 656 diem
492 596 576 675 potui
597 592 762 674 producere
784 596 880 656 vitaei

117 689 206 762 atque
227 682 337 741 utinam
361 677 451 740 celeri
474 696 512 739 ne
533 685 647 740 tantum
669 684 752 755 grata
774 678 886 740 Dianae

118 770 238 826 renatus
260 780 341 824 esses
361 762 444 841 virgo
465 767 575 823 sectata
597 762 735 833 virorum,

118 849 227 911 Gnosia
248 863 304 910 nec
325 845 435 908 Partho
457 843 640 908 contendens
661 843 773 923 spicula
796 864 892 907 cornu

118 932 250 994 llictaeas
272 946 376 1008 ageres
397 928 435 990 ad
457 930 590 1008 gramina
612 936 681 990 nota
704 927 845 1007 capellas:
1092 938 1137 991 30t

118 1032 278 1096 numquam
300 1019 360 1073 tam
381 1011 489 1091 obnixe
504 1011 619 1092 fugiens
640 1011 745 1072 Minois
767 1030 886 1074 amores

117 1115 260 1179 praeceps
282 1096 355 1158 aerii
376 1094 495 1175 specula
517 1094 554 1156 de
575 1097 684 1156 montis
704 1095 798 1166 iisses,

117 1181 196 1244 unde
217 1180 267 1242 alii
288 1179 397 1259 fugisse
419 1178 519 1240 ierunt
539 1189 569 1240 et
590 1180 711 1240 numina
731 1178 869 1258 Aphaeae

118 1266 240 1345 virginis
263 1262 431 1342 adsignant,
455 1261 519 1335 alii,
543 1281 601 1343 quo
623 1264 722 1324 notior
744 1279 833 1333 esses,

118 1350 292 1428 Dictynnam
314 1348 415 1409 dixere
437 1353 487 1408 tuo
510 1345 547 1408 de
569 1347 689 1407 nomine
710 1344 820 1407 lunam.
1091 1356 1140 1410 305

118 1434 177 1495 sint
198 1432 271 1492 haec
294 1449 363 1492 rera
384 1430 486 1500 rellm;
510 1429 582 1490 mihi
604 1437 700 1500 certe,
723 1436 806 1500 nata,
830 1433 952 1509 peristi:

118 1533 278 1596 numquam
301 1531 356 1593 ego
378 1522 407 1574 te
420 1531 544 1585 ,summo
565 1512 734 1574 volitantem
756 1514 787 1574 in
808 1517 922 1577 vertice
945 1519 1058 1578 montis

118 1599 270 1678 llyrcanos
290 1598 369 1658 luter
391 1597 514 1657 comites
535 1613 700 1677 agmenque
722 1597 853 1658 ierarnm

119 1681 298 1762 conspiciam
319 1696 376 1740 uec
397 1685 427 1740 te
448 1678 623 1741 redeuntem
645 1679 779 1759 amplexa
801 1682 921 1744 tenebo.

118 1784 220 1827 rerum
243 1765 316 1825 haec
339 1769 402 1824 tum
424 1779 484 1824 non
506 1763 549 1823 sic
571 1765 670 1842 gravia
692 1770 779 1843 atque
801 1763 925 1844 indigna
949 1766 1046 1840 luere,
1091 1774 1138 1828 310

120 1856 197 1921 tum,
218 1866 285 1910 mea
307 1845 438 1918 alumna,
462 1846 505 1907 tui
526 1863 594 1907 cum
616 1865 684 1926 spes
705 1848 820 1927 integra
842 1858 997 1923 maneret;
1115 1867 1121 1877 ·

119 1940 149 1994 et
169 1952 225 1994 vox
245 1933 301 1992 ista
323 1948 404 1992 meas
426 1928 557 1992 nondum
579 1929 738 1992 violaverat
758 1950 855 1994 aures.

119 2024 188 2078 tene
211 2017 299 2077 etiam
321 2014 452 2076 Fortuna
473 2013 547 2075 mihi
569 2012 697 2075 crudelis
719 2015 837 2087 ademit,

121 2107 203 2173 tene,
227 2118 245 2160 o
266 2096 327 2159 sola
351 2115 434 2158 meae
455 2095 571 2158 vivendi
592 2116 680 2160 causa
701 2105 838 2160 senectae

120 2201 208 2264 saepe
231 2190 280 2243 tuo
303 2179 381 2242 dulci
403 2181 580 2260 nequiquam
603 2189 688 2262 capta
709 2199 824 2261 sopore,
1090 2192 1138 2244 315

120 2285 187 2328 cum
209 2270 360 2346 premeret
381 2271 500 2335 natura,
524 2265 601 2326 mori
622 2283 671 2326 me
693 2263 766 2326 velle
789 2267 904 2345 negari,

120 2358 153 2412 ut
175 2348 227 2410 tibi
250 2348 372 2427 Corycio
395 2345 591 2425 glomerarem
613 2347 748 2410 flammea
769 2347 841 2410 luto.

120 2452 177 2514 quo
200 2449 279 2493 nunc
301 2449 362 2503 me,
384 2430 500 2503 infelix,
524 2439 575 2493 aut
595 2450 670 2512 quae
692 2450 739 2493 me
762 2432 820 2493 iata
842 2437 1018 2497 reservant?

120 2534 157 2577 an
180 2517 289 2587 nescis,
313 2532 370 2595 qua
390 2513 457 2594 lege
478 2516 570 2595 patris
592 2515 629 2575 de
650 2517 761 2577 vertice
782 2533 898 2579 summo

120 2599 197 2661 edita
220 2597 379 2660 candentes
399 2606 553 2678 praetexat
573 2617 706 2679 purpura
728 2617 825 2670 canos,
1088 2605 1136 2660 32⁰

119 2701 195 2762 quae
217 2684 313 2744 tenuis
335 2683 431 2761 patrio
453 2699 521 2761 spes
542 2683 581 2743 sit
593 2699 737 2760 suspensa
759 2681 882 2761 capillo?

119 2768 145 2827 si
166 2767 277 2838 nescis,
301 2764 427 2846 aliquam
449 2782 570 2844 possum
591 2781 713 2844 sperare
734 2763 867 2837 salutern,

119 2850 211 2911 inscia
233 2846 469 2930 quandoquidem
488 2847 584 2910 scelus
606 2865 638 2910 cs
660 2856 764 2910 conata
786 2848 965 2921 uelandum:

119 2935 165 2994 sin
188 2932 330 3015 estquod
353 2939 470 3004 metuo,
492 2951 548 3013 per
569 2940 613 3004 te,
636 2951 702 2994 mea
724 2932 858 3003 alumna,
880 2941 1027 3016 tuumque

121 3025 275 3099 expertum
296 3017 396 3077 multis
418 3017 545 3079 miserae
567 3016 640 3077 mihi
661 3016 751 3079 rebus
773 3033 915 3089 amorem,
1087 3023 1135 3079 333

119 3101 249 3182 perdita,
272 3117 357 3162 saeva
378 3116 486 3179 precor
507 3119 562 3181 per
582 3099 694 3163 lumina
715 3108 745 3161 te
766 3099 908 3179 ilithyiae,

120 3202 158 3245 ne
179 3190 294 3245 tantum
314 3184 347 3242 in
368 3182 482 3245 lacinus
504 3191 563 3244 tam
585 3182 666 3246 nulla
688 3191 787 3246 mente
809 3182 925 3245 ieraris.

119 3284 179 3327 non
202 3283 257 3344 ego
279 3272 309 3326 te
330 3267 462 3346 incepto,
485 3268 549 3328 fieri
571 3269 649 3347 quod
672 3269 732 3329 riou
753 3275 838 3347 pote,
862 3285 955 3328 conor

120 3348 239 3433 ilectere
262 3365 377 3419 amore,
400 3366 497 3431 neque
519 3356 564 3412 est
585 3368 652 3411 cum
675 3351 721 3411 dis
742 3349 923 3412 contendere
946 3359 1102 3422 nostrum;

120 3430 173 3493 sed
193 3432 287 3512 patris
307 3429 449 3493 incolumi
469 3435 567 3513 potius
590 3433 741 3495 denubere
763 3451 857 3514 regno
1085 3441 1136 3496 330

121 3522 208 3597 atque
229 3514 341 3597 aliquos
362 3522 463 3578 tamen
484 3534 549 3579 esse
569 3516 641 3578 velis
663 3516 732 3588 tibi,
755 3517 886 3591 alumna,
909 3525 1046 3599 penates.
