2512 4096
456 265 599 335 vuaouu
620 264 745 314 annuis
763 265 818 311 1111
994 232 997 239 ’
1081 251 1138 314 153

128 424 192 499 ipsa
212 417 319 480 molam
340 419 533 497 manibusque
555 421 611 498 piis
631 418 731 480 altaria
752 418 831 479 iuxta

127 521 270 582 spargens
287 503 385 564 unrida
406 501 493 563 mella
513 502 770 580 soporiferumque
787 517 928 579 papaver,
1066 509 1147 565 ‘w

127 605 220 647 unum
242 593 327 649 exuta
348 586 455 665 pedem
475 585 589 655 vinclis,
610 588 641 646 in
661 593 740 645 reste
760 586 903 654 recincta,
1088 593 1140 648 518

84 683 85 686 ’
126 679 250 731 testatur
270 669 412 730 moritura
433 669 505 729 deos
527 679 556 730 et
576 671 693 731 conscia
715 667 767 728 sati

125 754 238 821 sidera;
256 760 332 819 tum,
356 752 461 830 siquod
481 769 542 812 non
560 770 653 831 aequo
674 751 794 813 loedere
815 752 937 811 amantis
1088 759 1140 812 520

127 855 217 898 curae
237 854 347 896 numen
369 835 458 896 habet
478 836 646 915 iustumque
667 853 854 914 memorque,
875 839 1022 912 precatur.

168 920 232 981 Nox
259 927 337 990 erat,
361 928 389 981 et
406 919 554 998 placidum
576 919 735 998 carpebant
754 920 830 980 fessa
851 934 988 996 soporem

126 1021 252 1081 corpora
272 1021 326 1080 per
347 1011 457 1072 terras,
477 1001 623 1082 silvaeque
644 1012 672 1063 et
693 1020 778 1063 saeva
798 1001 932 1081 quierant

125 1105 269 1167 aequora,
293 1104 360 1148 eum
383 1087 479 1148 medio
500 1084 655 1148 volventur
674 1085 771 1147 sidera
790 1084 891 1162 lapsu,
1207 1162 1209 1167 ,
1238 1161 1242 1167 .

126 1189 194 1232 oum
217 1178 292 1231 tacet
315 1172 409 1231 omnis
429 1180 515 1247 ager,
534 1171 663 1248 pecudes
680 1171 834 1249 pictaeque
856 1167 1003 1236 volucres,
1088 1175 1139 1229 555

125 1272 260 1333 quaeque
280 1253 362 1314 lacus
382 1253 440 1315 late
459 1252 585 1333 liquidos
608 1271 741 1333 quaeque
762 1269 866 1330 aspera
887 1250 983 1312 dumis

124 1356 197 1398 rura
215 1345 331 1407 tenent,
352 1354 455 1397 somno
476 1338 589 1415 positae
610 1337 664 1398 sub
686 1346 772 1396 noete
794 1334 899 1396 silenti.
1003 1376 1005 1379 -
1088 1341 1138 1397 527

124 1428 155 1482 at
174 1438 234 1480 nou
252 1420 351 1481 mselix
374 1421 463 1480 animi
483 1421 656 1490 Phoenissa,
674 1438 772 1501 neque
792 1434 931 1496 umquam
1088 1426 1139 1481 ms

124 1502 248 1564 solvitur
266 1505 295 1564 in
318 1521 438 1564 somnos
458 1503 588 1565 oculisve
607 1510 658 1565 aut
677 1513 798 1582 pectore
816 1507 934 1562 noctem

124 1588 246 1666 accipit:
267 1587 448 1665 ingeminant
470 1605 573 1658 curae,
596 1604 759 1666 rursusque
777 1601 938 1664 resurgens

125 1672 216 1731 saevit
233 1688 328 1738 amor,
351 1688 517 1750 magnoque
538 1672 650 1733 irarum
671 1668 793 1732 fluctuat
813 1676 904 1730 aestu.

124 1757 167 1815 sic
188 1754 262 1815 adeo
283 1755 389 1815 insistit
407 1771 567 1834 secumque
589 1755 629 1815 ita
648 1754 738 1816 corde
755 1752 895 1821 volutam,

126 1847 179 1899 ‘en
202 1838 272 1916 quid
294 1838 369 1914 ago?
390 1855 532 1900 rursusne
553 1856 660 1915 procos
682 1840 771 1897 inrisa
791 1837 906 1914 priores

126 1923 276 1996 experiar,
298 1920 521 1999 Nomadumque
542 1931 638 1998 petam
662 1920 788 1982 conubia
809 1917 947 1996 supplex,

126 2021 201 2079 quos
222 2019 277 2079 ego
297 2005 352 2063 sim
369 2005 473 2066 totiens
493 2022 551 2064 ram
566 2004 727 2080 >dedignata
749 2001 887 2075 maritos?

126 2086 228 2146 lliaoas
248 2085 338 2161 igitur
355 2085 464 2146 classes
484 2095 571 2164 atque
591 2085 692 2146 ultima
715 2086 863 2146 Teucrum

125 2171 204 2230 iussa
226 2171 351 2245 sequar?
372 2169 479 2246 quiane
501 2168 607 2230 anxilio
627 2171 704 2228 iuvat
725 2175 792 2228 ante
811 2165 920 2226 levatos
989 2204 995 2210 »

126 2263 155 2313 et
177 2251 253 2312 bene
275 2249 353 2328 apud
368 2269 515 2312 memores
532 2252 638 2311 veteris
656 2259 713 2311 stat
735 2251 827 2328 gratia
848 2249 933 2309 lacti?
1018 2275 1032 2304 ·.
1088 2289 1091 2292 -

125 2339 192 2414 quis
213 2340 391 2401 meantem,
415 2333 462 2394 sac
483 2333 570 2403 velle,
592 2335 667 2394 sinet
686 2333 834 2395 ratibusve
850 2332 986 2410 superbis
1087 2342 1139 2398 540

125 2421 246 2480 mvisam
271 2418 412 2495 accipiet?
432 2419 528 2479 nescis
545 2417 618 2487 heu,
640 2418 767 2495 perdita,
788 2416 914 2478 necdum

124 2502 360 2564 Laomedonteae
383 2502 472 2562 sentis
493 2501 623 2579 periuria
644 2501 758 2578 gentis?

124 2586 196 2664 quid
218 2586 299 2647 tum?
321 2583 383 2646 sola
405 2585 474 2662 luga
498 2592 602 2647 nautas
625 2584 786 2645 comitabor
806 2585 933 2644 ovantis?

124 2687 161 2730 an
183 2669 278 2748 Tyriis
300 2670 437 2748 omnique
458 2687 548 2730 manu
568 2671 672 2746 stipata
690 2685 824 2729 meorum

122 2754 233 2814 inferar
255 2763 285 2813 et
304 2771 377 2832 quos
398 2753 516 2814 Sidonia
536 2752 583 2812 rix
605 2752 680 2822 urbe
698 2750 814 2822 revelli,
1087 2760 1138 2812 545

123 2855 228 2898 rursus
250 2854 334 2914 agam
354 2835 459 2915 pelago
481 2845 510 2898 et
529 2837 621 2897 ventis
642 2837 713 2897 dare
733 2835 796 2896 vela
816 2834 942 2896 iubebo?
1175 2871 1205 2891 .

124 2920 196 2996 quin
217 2937 351 2988 morere,
373 2927 406 2980 ut
424 2911 528 2981 merita
549 2938 595 2987 es,
616 2920 755 2997 lerroque
778 2928 875 2979 averte
899 2918 1040 2978 dolorem.
1085 2925 1135 2980 54⁷

123 3001 184 3062 no'n
204 3001 284 3062 licuit
305 3002 424 3063 thalami
445 3012 594 3081 expertem
616 3005 679 3062 sine
701 3003 822 3063 erimine
840 3005 927 3062 vitam
1086 3008 1137 3062 550

123 3086 247 3164 degere,
272 3104 354 3145 more
374 3087 468 3156 serae,
490 3087 555 3147 talis
576 3105 632 3146 nee
653 3096 776 3164 tangere
799 3103 898 3154 curas;
1012 3089 1021 3104 ·’

125 3187 185 3229 nou
207 3178 320 3229 servata
343 3170 413 3230 fides
437 3172 528 3232 cineri
548 3172 692 3247 promissa
710 3169 861 3248 Sychaeo!

124 3260 220 3318 tantos
241 3251 288 3312 illa
309 3271 363 3313 suo
384 3254 541 3331 rumpebat
560 3261 681 3331 pectore
703 3263 832 3331 questus.

164 3338 276 3396 Aeneas
300 3335 376 3396 celsa
398 3339 428 3396 in
449 3340 555 3416 puppi,
576 3338 634 3398 iam
655 3345 754 3398 certus
776 3337 878 3406 eundi,

121 3506 243 3562 lembant
264 3522 357 3570 curas,
381 3515 409 3562 et
432 3482 517 3564 eorda
535 3506 620 3564 oblita
640 3507 773 3564 laborum.

866 3597 923 3663 11·
