2512 4096
172 299 213 363 so
368 376 375 397 ι
513 306 658 355 varena
681 305 807 357 annnrs
830 306 842 353 1

173 472 301 533 vestras,
330 463 424 534 Eure,
447 463 564 532 domos;
583 461 632 523 illa
652 479 684 522 se
704 464 791 524 iactet
812 465 841 523 in
864 461 928 523 aula

172 548 279 612 heolus
299 555 328 609 et
351 545 449 608 clauso
472 553 626 608 ventorum
653 563 772 608 carcere
794 543 922 624 regnet'

215 633 263 694 Sic
283 633 337 703 ait,
362 638 391 693 et
412 631 490 692 dicto
512 633 597 692 citius
618 630 729 692 tumida
753 649 881 710 aequma
903 629 1014 708 placat,

174 715 367 795 collectasque
388 716 470 793 lugat
489 714 584 776 nubes
603 714 754 793 solemque
776 714 899 776 reducit.

174 799 333 880 dymothoe
352 798 438 860 simul
461 806 490 861 et
511 799 614 860 Triton
636 799 759 859 adnixus
781 806 866 860 acute

173 883 333 946 detrudunt
353 884 434 943 naris
456 881 594 961 scoprdo;
625 881 701 944 levat
722 883 785 959 ipse
806 882 925 944 tridenti

174 976 203 1029 at
224 973 319 1029 vastas
342 967 436 1046 aperit
458 968 543 1046 syrtis
564 973 594 1028 et
614 973 759 1044 temperat
781 983 906 1044 aequor,

174 1059 262 1132 atque
283 1052 356 1112 rotis
375 1067 504 1111 summas
522 1050 635 1130 levibus
656 1049 818 1128 perlabitur
837 1050 940 1111 undas.

173 1153 208 1198 ac
230 1135 317 1197 veluti
337 1151 444 1212 magno
467 1135 498 1195 in
517 1132 627 1214 populo
649 1152 716 1195 cum
736 1151 824 1211 saepe
848 1141 950 1196 coorta
972 1140 1016 1194 est

174 1219 293 1290 seditio,
323 1219 470 1298 saequue
493 1220 596 1280 animis
615 1217 744 1297 ignobile
764 1216 883 1296 volgus,

173 1305 290 1382 iamque
312 1303 390 1365 iaces
412 1310 442 1365 et
463 1320 532 1364 saxa
553 1301 666 1372 volant,
686 1302 769 1362 luror
789 1319 873 1363 arma
896 1301 1058 1371 ministrat;

174 1394 236 1448 tum
258 1387 365 1464 pietate
387 1403 504 1464 gravem
526 1405 560 1448 ac
581 1387 692 1446 meritis
714 1387 739 1446 si
761 1386 837 1446 lorte
858 1386 954 1446 virum
976 1402 1064 1462 quem

175 1487 370 1548 conspexere,
400 1468 485 1531 silent
506 1471 686 1549 arrectisque
709 1469 830 1531 omibus
850 1469 982 1538 adstant;

174 1552 223 1616 ille
241 1555 317 1632 regit
338 1553 423 1615 dictis
444 1556 571 1624 animos,
596 1561 625 1615 et
642 1560 763 1635 pectora
784 1552 909 1615 mulcet:

175 1638 217 1698 sic
239 1645 362 1699 cunctus
380 1636 477 1716 pelagi
498 1638 602 1698 cecidit
624 1638 740 1715 fragor,
763 1655 892 1717 aequora
912 1643 1082 1719 postquam

174 1723 355 1801 prospiciens
376 1722 493 1798 genitor
512 1720 651 1799 caeloque
670 1722 801 1783 invectus
819 1727 921 1799 aperto

174 1805 264 1868 ssectit
287 1822 378 1885 equos
398 1823 547 1885 curruque
568 1805 669 1866 volans
689 1806 738 1866 dat
759 1805 823 1866 lora
843 1806 983 1867 secundo.

216 1889 329 1952 Defessi
349 1890 503 1952 Aeneadae
523 1908 598 1968 quae
620 1890 753 1968 proxima
771 1889 857 1951 litora
877 1907 967 1951 cursu

176 1974 356 2036 contendunt
376 1980 493 2053 petere,
523 1982 552 2035 et
568 1973 676 2055 Libyae
697 1980 850 2034 vertuntur
872 1973 910 2034 ad
932 1991 1007 2034 oras.

177 2067 220 2121 est
240 2060 270 2120 in
287 2076 406 2121 secessu
420 2057 509 2137 longo
530 2058 627 2120 locus:
649 2056 743 2119 insula
764 2063 884 2136 portum

177 2141 265 2203 efficit
284 2143 400 2204 obiectu
421 2142 563 2214 laterum,
591 2142 697 2223 quihus
719 2141 814 2207 omnis
836 2140 872 2202 ab
893 2140 951 2201 alto

176 2224 321 2303 frangitur
340 2228 429 2305 inque
451 2228 532 2303 sinus
554 2227 659 2289 scindit
680 2244 746 2288 sese
765 2226 844 2296 unda
865 2225 1013 2286 reductos.

176 2308 245 2369 hinc
267 2316 354 2388 atque
372 2311 441 2370 hinc
462 2318 560 2373 vastae
580 2329 670 2389 rupes
692 2310 861 2388 geminique
878 2310 1026 2370 minantur

177 2393 206 2454 iu
231 2391 345 2453 caelum
366 2392 493 2473 scopuli,
521 2411 647 2473 quorum
669 2393 724 2454 sub
743 2396 852 2455 vertice
866 2393 924 2455 late
946 2430 952 2436 ·

178 2492 305 2554 aequora
328 2482 390 2537 tuta
411 2477 512 2547 silent;
539 2485 602 2538 tum
621 2475 700 2537 silvis
721 2493 827 2537 scaena
846 2479 987 2538 coruscis-

177 2559 304 2638 desuper
325 2559 516 2638 horrentique
537 2567 634 2622 atrum
657 2576 761 2620 nemus
783 2561 915 2623 imminet
936 2560 1042 2622 umbra
1050 2581 1066 2630 ;-

177 2643 275 2708 fronte
296 2644 351 2705 sub
373 2643 494 2705 adversa
516 2644 644 2722 scopulis
663 2643 860 2722 pendentibus
881 2652 996 2706 antrum
1006 2677 1020 2716 ,-

177 2729 255 2789 intus
275 2746 368 2807 aquae
391 2727 490 2790 dulces
510 2730 632 2808 viroque
654 2727 753 2789 sedilia
773 2746 877 2808 saxo„
1017 2803 1023 2810 ἱ

177 2811 373 2890 nympharum
393 2811 506 2874 domus.
552 2813 600 2873 hic
621 2813 712 2873 fessas
733 2830 793 2875 non
812 2813 926 2875 vincula
948 2812 1029 2873 navis

177 2891 237 2955 ulla
254 2901 369 2966 tanam,
399 2913 476 2957 unco
517 2914 555 2957 on
575 2895 673 2974 alligat
692 2897 821 2958 anchora
843 2914 953 2959 morsu.

179 2978 238 3039 huc
254 2986 367 3058 septem
388 2981 502 3044 deneas
521 2980 650 3043 collectis
671 2981 794 3042 navibus
817 2983 896 3042 omni

180 3080 215 3123 ex
239 3080 361 3125 numero
384 3064 475 3134 subit;
496 3085 532 3128 ac
551 3083 659 3144 magno
682 3064 794 3128 telluris
813 3083 914 3126 amore

181 3148 291 3224 egressi
313 3155 409 3225 optata
429 3151 580 3230 potiuntur
604 3151 699 3212 Troes
719 3150 831 3210 harena

181 3236 210 3292 et
230 3229 291 3291 sale
311 3230 438 3293 tabentis
459 3240 541 3294 artus
561 3234 592 3292 in
608 3234 694 3295 litore
715 3239 838 3310 ponunt.

180 3331 215 3374 ac
236 3315 364 3392 primum
386 3314 458 3376 silici
479 3313 632 3377 scintillam
654 3315 770 3376 excudit
789 3313 914 3375 Achates

180 3399 367 3478 succepitque
388 3400 487 3477 ignem
504 3398 580 3459 loliis
602 3405 690 3478 abque
709 3398 789 3458 arida
812 3399 924 3459 circum

180 3483 359 3544 nutrimenta
381 3482 460 3545 dedit
478 3483 635 3563 rapuitque
655 3484 686 3545 in
702 3482 806 3544 -somitc
827 3481 983 3544 llammam.

180 3573 242 3628 tum
269 3584 401 3630 cererem
422 3573 592 3646 corruptam
613 3568 699 3631 undis
729 3566 912 3648 cerealiaque
933 3583 1014 3629 arma
