2512 4096
421 285 563 334 vnacmr
585 283 786 333 onoaercou
812 285 825 331 1
1084 271 1121 332 at

121 443 267 520 accipiunt
288 440 375 512 sulci,
399 448 427 501 et
447 439 526 502 milio
548 439 625 499 venit
645 456 741 499 annua
763 456 843 508 cura,

122 525 262 586 candidus
283 526 392 585 auratis
413 523 507 602 aperit
527 540 594 584 cum
617 521 754 582 cornibus
775 539 883 583 annum

120 616 240 679 taurus,
263 614 292 668 et
314 626 414 669 averso
437 608 544 669 cedens
566 607 645 666 canis
667 605 773 665 occidit
794 611 881 665 astro.

121 696 151 752 at
172 693 197 751 si
219 691 360 752 triticeam
381 693 411 752 in
431 707 558 752 messem
578 688 757 767 robustaque
778 687 862 749 iarra

121 773 272 836 exercebis
293 775 431 844 humum,
453 773 580 851 solisque
600 770 722 832 instabis
743 772 846 842 aristis,

120 865 188 918 ante
209 857 262 918 tibi
289 875 361 919 eoae
381 857 540 918 Atlantides
561 855 776 917 abscondantur

121 941 284 1018 Cnosiaque
305 942 433 1002 ardentis
454 940 576 1002 decedat
596 938 678 1000 stella
699 956 835 1009 coronae,

121 1024 219 1085 debita
241 1042 328 1102 quam
350 1025 438 1086 sulcis
459 1024 622 1086 committas
644 1022 754 1082 semina
775 1039 921 1101 quamque

121 1107 227 1167 invitae
248 1124 391 1186 properes
412 1109 479 1169 anni
501 1123 583 1184 spem
605 1106 727 1166 credere
747 1112 853 1166 terrae.

122 1189 206 1250 multi
228 1197 295 1251 ante
317 1208 453 1252 occasum
474 1192 566 1252 Maiae
588 1207 727 1267 coepere;
750 1188 889 1250 sedilios

123 1279 274 1350 expectata
296 1292 380 1351 seges
400 1275 480 1334 vanis
503 1273 587 1334 elusit
608 1273 713 1333 avenis.

122 1356 147 1416 si
170 1373 239 1416 vero
261 1357 421 1434 viciamque
442 1374 523 1418 seres
543 1355 687 1434 vilemque
707 1356 869 1433 phaselum,

122 1456 178 1499 nec
199 1438 366 1500 Pelusiacae
387 1458 489 1501 curam
510 1439 705 1518 aspernabere
726 1438 820 1508 lentis,

121 1522 194 1582 haut
216 1521 343 1584 obscura
365 1524 471 1585 cadens
491 1524 586 1582 mittet
606 1522 658 1582 tibi
680 1522 761 1598 signa
781 1521 898 1583 bootes:

121 1606 218 1684 incipe
240 1613 269 1667 et
290 1608 326 1667 ad
348 1607 458 1669 medias
479 1613 640 1667 sementem
661 1606 784 1666 extende
805 1606 933 1684 pruinas.

174 1689 311 1749 *idcirco
333 1689 422 1748 certis
444 1687 609 1748 dimensum
629 1686 764 1766 partibus
785 1690 887 1752 orbem

121 1786 175 1848 per
198 1770 331 1832 duodena
351 1774 427 1851 regit
448 1771 549 1833 mundi
570 1770 614 1830 sol
636 1789 743 1832 aureus
764 1780 850 1832 astra.
1038 1846 1041 1849 .

122 1854 252 1932 quinque
273 1862 373 1916 tenent
394 1855 507 1917 caelum
528 1872 633 1915 zonae:
657 1873 782 1933 quarum
802 1873 861 1915 una
883 1873 1006 1916 corusco

122 1953 239 2014 semper
260 1937 322 1999 sole
342 1938 453 2000 rubens
474 1945 504 1999 et
523 1938 634 1998 torrida
656 1954 773 2014 semper
795 1937 831 1997 ab
853 1939 928 2015 igni;

122 2037 210 2096 quam
232 2021 343 2082 circum
364 2028 511 2082 extremae
533 2021 634 2080 dextra
655 2019 794 2097 laevaque
815 2020 970 2079 trahuntur

123 2101 288 2173 caeruleae,
311 2103 403 2182 glacie
426 2111 580 2164 concretae
602 2109 689 2179 atque
709 2101 853 2161 imbribus
875 2103 960 2169 atris;

122 2184 176 2244 has
197 2186 273 2245 inter
294 2187 479 2263 mediamque
500 2185 575 2244 duae
596 2183 768 2243 mortalibus
789 2185 883 2260 aegris

122 2283 247 2327 munere
269 2285 426 2328 concessae
447 2268 558 2334 divom,
583 2272 611 2326 et
631 2267 675 2325 via
697 2272 776 2326 secta
790 2283 843 2343 per
858 2268 966 2338 ambas,

123 2346 238 2409 oblicus
260 2368 317 2427 qua
337 2367 369 2410 sc
390 2351 540 2426 signorum
564 2355 687 2408 verteret
708 2349 789 2410 ordo.

122 2431 267 2502 mundus,
289 2442 322 2493 ut
343 2432 379 2493 ad
402 2432 547 2512 Scythiam
568 2431 768 2510 Riphaeasque
788 2433 897 2495 arduus
918 2453 1001 2497 arces

123 2516 287 2592 consurgit,
308 2516 451 2595 premitur
471 2514 578 2594 Libyae
601 2516 727 2577 devexus
747 2517 778 2576 in
799 2524 921 2578 austros.

121 2598 171 2659 hic
192 2605 290 2660 vertex
311 2599 396 2661 nobis
418 2617 534 2678 semper
556 2599 703 2670 sublimis3
728 2608 757 2661 at
779 2601 862 2664 illum

122 2681 178 2742 sub
199 2682 323 2759 pedibus
345 2683 414 2762 Styx
436 2690 498 2744 atra
519 2683 596 2743 videt
616 2701 775 2761 manesque
796 2685 942 2761 profundi.

120 2783 277 2826 maxumus
297 2765 346 2826 hic
366 2765 444 2826 llexu
465 2767 584 2827 sinuoso
606 2766 728 2828 elabitur
750 2768 851 2844 anguis

122 2850 234 2910 circum
254 2867 367 2927 perque
388 2849 461 2910 duas
480 2851 512 2909 iu
532 2867 646 2911 morem
668 2849 795 2910 lluminis
816 2858 920 2921 arctos,

122 2937 219 2992 arctos
241 2931 349 2992 Oceani
370 2939 534 2993 metuentes
555 2950 682 3011 aequore
702 2934 804 3010 tingui.

120 3013 195 3084 illic,
218 3020 250 3075 ut
271 3013 439 3092 perhibent,
462 3022 511 3076 aut
530 3015 703 3093 intempesta
724 3015 790 3075 silet
809 3033 868 3075 nox

122 3115 239 3177 semper
263 3104 291 3157 et
312 3097 430 3158 obtenta
452 3096 610 3158 densentur
631 3104 717 3159 nocte
738 3097 886 3169 tenebrae,

122 3189 173 3243 aut
193 3181 270 3241 redit
290 3199 306 3240 a
328 3180 413 3241 nobis
434 3181 548 3241 Aurora
569 3181 703 3260 diemque
723 3183 850 3245 reducit:

121 3263 307 3343 nosqueubi
328 3265 442 3343 primus
464 3266 545 3344 equis
567 3263 671 3326 Oriens
693 3265 807 3326 adflavit
828 3265 947 3337 anhelis,
1074 3278 1127 3331 250

122 3347 178 3407 ntis
200 3365 266 3408 sera
286 3347 397 3409 ruham
419 3349 551 3410 accendit
570 3347 679 3410 lumIna
700 3349 819 3427 Vesper.

164 3429 226 3492 Nec
248 3431 354 3506 trustra
376 3433 527 3510 signorum
548 3432 645 3494 obitus
667 3432 852 3511 speculamur
873 3443 903 3494 et
924 3441 1005 3494 ortus
1073 3441 1124 3495 nst

121 3513 361 3594 temporibusque
382 3537 483 3597 parem
505 3517 625 3577 dirersis
645 3522 781 3594 quattuor
799 3534 921 3577 annum:
1074 3523 1131 3575 258,
