2512 4096
118 287 161 350 48·
419 300 562 348 ventum
583 285 786 348 cnonmcon
805 299 835 346 n
871 364 883 385 ⁶

117 465 146 517 et
160 457 302 516 Venerem
326 455 413 514 certis
434 462 570 532 repetunt
592 463 723 516 armenta
746 453 867 523 diebus;

118 539 242 618 parturit
264 537 356 598 almus
379 556 463 616 ager,
486 539 662 617 zephyrique
684 536 852 615 tepentibus
875 539 962 599 auris

117 629 216 683 laxant
237 639 306 681 arva
328 623 425 690 sinus;
449 629 569 699 superat
590 629 673 682 tener
696 620 833 681 omnibus
854 639 965 689 umor:

117 708 205 783 inque
226 722 317 765 novos
338 704 415 765 soles
437 706 545 766 audent
566 723 598 765 se
619 705 751 782 germina
773 710 837 764 tuto

118 789 253 858 credere,
276 806 331 848 nec
352 790 456 848 metuit
477 790 623 866 surgentis
645 788 799 865 pampinus
821 795 943 848 austros

117 879 168 934 aut
189 879 286 932 actum
309 871 388 932 caelo
410 873 523 948 magnis
545 871 728 950 aquilonibus
749 870 887 939 imbrem,

117 957 169 1016 sed
191 956 282 1015 trudit
302 970 433 1031 gemmas
456 963 486 1015 et
506 954 626 1016 frondes
649 954 773 1032 explicat
794 957 902 1015 omnis.

117 1057 176 1099 non
198 1037 269 1098 alios
291 1040 384 1114 prima
408 1041 564 1099 crescentis
586 1040 698 1117 origine
718 1037 821 1098 mundi

117 1122 254 1183 inluxisse
277 1122 338 1182 dies
360 1121 484 1182 aliumve
504 1122 642 1183 habuisse
663 1131 797 1183 tenorem

118 1206 306 1268 crediderim:
334 1223 384 1266 rer
405 1203 476 1266 illud
498 1214 574 1276 erat,
597 1224 647 1267 ver
669 1222 792 1282 magnus
814 1203 924 1282 agebat

118 1290 213 1358 orbis,
238 1298 266 1350 et
287 1288 419 1350 hibernis
440 1289 601 1367 parcebant
622 1289 737 1350 flatibus
761 1287 833 1357 euri,

119 1391 184 1433 cum
207 1375 319 1451 primae
341 1373 437 1433 lucem
459 1374 586 1450 pecudes
608 1373 749 1442 hausere,
772 1373 929 1452 virumque

119 1462 216 1516 terrea
238 1459 394 1532 progenies
416 1457 497 1517 duris
520 1463 607 1534 caput
630 1456 732 1517 extulit
752 1457 837 1523 arvis,

118 1540 323 1617 immissaeque
345 1538 425 1599 ferae
447 1540 523 1599 silvis
546 1547 574 1600 et
595 1539 691 1600 sidera
713 1539 803 1600 caelo.

119 1615 193 1682 *nec
207 1639 257 1682 res
273 1621 353 1681 bunc
368 1633 490 1685 tenerae
505 1631 625 1700 possent
646 1624 779 1701 perferre
800 1620 945 1693 laborem,

118 1707 142 1765 si
164 1724 223 1764 non
246 1712 326 1765 tanta
349 1707 431 1782 quies
452 1707 508 1766 iret
530 1705 680 1786 frigusque
703 1707 890 1783 caloremque

118 1789 208 1858 inter,
232 1795 261 1849 et
283 1789 430 1866 exciperet
452 1789 523 1848 caeli
545 1789 722 1868 indulgentia
744 1790 867 1851 terras*
1087 1802 1134 1857 345

161 1873 245 1944 Quod
272 1880 419 1950 superest,
449 1891 650 1952 quaecumque
670 1892 788 1952 premes
809 1873 935 1951 virgulta
957 1893 1017 1953 per
1039 1894 1132 1957 agros,

120 1974 226 2034 sparge
248 1957 316 2016 fimo
339 1957 456 2034 pingui,
480 1965 508 2017 et
529 1955 619 2018 mulla
640 1976 754 2018 memor
777 1954 878 2017 occule
902 1967 996 2029 terra,

118 2048 168 2101 aut
190 2041 313 2119 lapidem
337 2040 469 2101 bibulum
492 2048 542 2102 aut
562 2039 721 2120 squalentis
742 2040 840 2100 infode
863 2041 1015 2103 conchas·

119 2125 195 2184 inter
218 2126 294 2185 enim
317 2125 452 2187 labentur
475 2143 581 2204 aquae,
605 2126 759 2202 tenuisque
781 2122 891 2184 subibit

63 2220 65 2227 ·
119 2206 241 2275 halitus,
265 2217 352 2286 atque
374 2211 486 2270 animos
508 2208 611 2268 tollent
632 2215 702 2268 sata.
733 2209 849 2285 iamque
871 2211 996 2286 reperti,
1086 2223 1133 2277 3⁵⁰

120 2290 169 2366 qui
191 2307 261 2349 saxo
283 2308 372 2368 super
394 2301 481 2371 atque
503 2292 629 2369 ingentis
649 2291 780 2370 pondere
803 2297 894 2351 testae

123 2380 276 2448 urgerent:
300 2373 356 2434 hoc
379 2378 486 2435 effusos
508 2377 658 2435 munimen
680 2375 717 2436 ad
738 2374 857 2442 imbres,

119 2456 190 2524 hoc,
215 2455 265 2516 ubi
286 2455 383 2517 hiulca
405 2459 450 2518 siti
473 2459 556 2517 findit
577 2459 656 2518 canis
678 2458 796 2518 aestifer
817 2475 895 2517 arva.

162 2538 328 2599 Seminibus
350 2543 449 2616 positis
471 2549 605 2618 superest
626 2542 764 2603 diducere
785 2547 894 2602 terram

120 2625 235 2701 saepius
257 2624 294 2683 ed
317 2625 409 2700 capita
432 2631 461 2684 et
483 2625 573 2685 duros
593 2627 702 2685 iactare
724 2625 858 2694 bidentis,
1084 2641 1131 2694 36⁵

120 2712 170 2765 aut
190 2723 293 2784 presso
317 2724 454 2767 exercere
476 2707 570 2768 solum
592 2709 647 2769 sub
670 2727 789 2770 vomere
812 2709 925 2786 etipsa

119 2786 237 2849 flectere
259 2788 394 2850 luctantis
415 2791 491 2851 inter
512 2793 606 2852 vineta
627 2795 778 2861 iuvencos;

119 2878 181 2931 tum
202 2872 272 2931 levis
295 2872 420 2934 calamos
442 2882 471 2934 et
491 2893 575 2936 rasae
596 2876 708 2937 hastilia
730 2878 828 2953 virgae

120 2953 323 3034 fraxineasque
345 2965 445 3034 aptare
467 2959 554 3020 sudes
577 2961 731 3039 furcasque
753 2959 883 3028 valentis,

119 3038 229 3098 viribus
251 3041 319 3100 eniti
341 3059 463 3119 quarum
488 3051 516 3103 et
538 3050 726 3105 contemnere
747 3051 850 3105 ventos
1081 3057 1133 3112 ³60

120 3122 293 3182 adsuescant
313 3141 499 3204 summasque
521 3128 603 3205 sequi
624 3127 752 3188 tabulata
774 3145 828 3205 per
850 3125 954 3187 ulmos.

161 3206 203 3266 hc
225 3206 294 3266 dnm
317 3209 410 3284 prima
431 3211 513 3269 novis
536 3208 675 3289 adolescit
696 3210 849 3273 frondibus
871 3215 960 3280 aetas,

119 3290 299 3366 parcendum
321 3292 442 3360 teneris,
467 3300 495 3352 et
517 3292 586 3352 dum
608 3312 639 3354 se
661 3293 754 3356 laetus
775 3296 811 3356 ad
834 3311 922 3355 auras

119 3371 230 3449 palmes
252 3375 310 3450 agit
331 3372 402 3434 laxis
423 3393 477 3453 per
498 3394 606 3452 purum
627 3379 773 3439 immissus
794 3379 926 3447 habenis,

119 3458 180 3533 ipsa
203 3458 265 3518 acie
285 3458 417 3518 nondum
439 3458 519 3519 falcis
542 3462 717 3538 temptanda,
741 3463 793 3523 sed
814 3462 899 3523 uncis
1082 3473 1135 3531 aba

120 3542 283 3618 carpendae
304 3541 438 3604 manibus
459 3541 579 3605 frondes
600 3545 734 3624 interque
755 3545 906 3624 legendae.
