2512 4096
177 271 239 333 274
516 281 659 329 saneim
676 282 800 331 nensis
816 284 854 330 rx

177 438 250 499 haut
270 435 355 498 aliter
376 437 488 498 iuvenis
510 436 622 496 medios
644 436 806 498 moriturus
828 438 858 496 in
880 437 973 498 hostis

177 521 268 581 inruit
287 525 324 591 et,
348 537 405 599 qua
427 519 484 582 tela
505 519 583 580 ridet
603 518 783 589 densissima,
805 519 905 581 tendit.
1150 533 1195 585 ssu

177 610 207 666 at
228 602 352 683 pedibus
371 601 458 680 longe
479 601 583 664 melior
601 600 697 681 Lycus
719 603 795 663 inter
818 610 847 664 st
863 602 955 664 hostis

177 689 254 748 lntsr
272 693 302 748 et
322 704 404 747 arma
422 686 490 763 luga
512 703 613 746 muros
632 692 710 746 tenet
728 684 842 764 altaque
865 692 959 747 certat

178 770 324 838 prendere
344 775 421 831 tecta
441 787 530 831 manu
551 770 723 847 sosiumque
744 770 887 847 attingere
908 769 1040 834 dextras.

179 871 266 934 quern
287 852 413 923 Turum
435 855 546 931 pariter
566 869 656 914 eursu
673 851 791 932 teloque
811 859 940 923 secutus,

177 939 310 1016 increpat
330 936 375 997 his
396 936 505 1001 riotor:
527 943 695 997 ‘nostraene
717 936 849 1020 eradere,
873 936 1006 1009 demens,
1148 950 1194 1000 att

177 1023 302 1100 sperasti
322 1028 351 1082 te
368 1037 456 1099 posse
476 1019 614 1081 mauusi'
636 1018 723 1079 simul
742 1020 846 1099 arripit
864 1020 962 1099 ipsum

169 1105 355 1184 pendentem
377 1110 407 1165 et
427 1121 533 1182 magna
554 1103 633 1164 muri
654 1120 722 1164 eum
744 1110 828 1181 parte
849 1102 978 1165 revellit.

179 1187 274 1269 qualis
295 1187 348 1250 ubi
366 1194 418 1249 aut
436 1186 569 1267 leporem
591 1192 641 1247 aut
663 1186 800 1247 candenti
820 1203 946 1267 corpore
969 1207 1101 1270 cycnum

179 1272 295 1334 sustulit
313 1270 370 1332 alta
392 1278 496 1350 petens
516 1269 640 1351 pedibus
660 1270 736 1332 loris
758 1273 885 1349 armiger
905 1275 992 1334 unois

179 1357 345 1436 quaesitum
364 1362 414 1417 aut
435 1355 522 1416 matri
544 1352 642 1415 multis
662 1352 807 1415 balatibus
829 1371 939 1431 agnum
1145 1366 1192 1418 dds

178 1439 338 1500 Martius-a
358 1438 480 1500 stabulis
501 1439 600 1518 rapuit
619 1436 715 1517 lupus.
745 1437 876 1515 undique
898 1437 1011 1500 elamor

179 1520 303 1583 tollitur:
325 1523 466 1584 invadunt
485 1531 515 1584 et
535 1523 626 1582 lossas
648 1538 756 1599 aggere
779 1520 940 1600 complent:

180 1605 307 1666 ardentis
328 1605 429 1666 taedas
450 1605 498 1666 alii
519 1604 556 1665 ad
577 1604 692 1681 fastigia
711 1606 827 1666 iactant.

180 1687 306 1750 llioneus
328 1707 398 1749 saro
418 1694 505 1766 atque
526 1689 638 1764 ingenti
655 1686 799 1764 fragmine
817 1691 925 1750 montis

180 1771 332 1833 Lucetium
353 1779 458 1850 portae
479 1769 655 1831 subeuntem
674 1771 808 1851 ignisque
831 1772 984 1845 ferentem,
1144 1783 1191 1836 blo
1255 1837 1256 1851 y

179 1855 352 1917 Emathiona
371 1854 467 1932 liger,
488 1855 669 1933 Corynaeum
691 1856 795 1915 sternit
815 1855 916 1926 Asilas,

179 1940 228 2000 hio
249 1937 343 2000 iaculo
365 1939 471 2008 bonus,
494 1938 541 1999 hie
564 1935 651 2014 longe
673 1937 790 2000 lallente
812 1941 924 2016 sagitta,

179 2022 332 2102 Ortygium
351 2022 491 2092 Caeneus,
515 2022 655 2085 victorem
677 2022 789 2084 Caenea
812 2021 939 2092 Turnus,

177 2103 295 2167 Turnus
313 2106 376 2187 ltyn
400 2105 600 2183 Cloniumque,
620 2106 796 2185 Dioxippum
815 2106 1047 2189 Promolumque

180 2196 208 2250 et
230 2189 364 2267 Sagarim
387 2198 416 2252 et
438 2191 559 2253 summis
580 2195 704 2251 stantem
725 2207 780 2269 pro
803 2191 934 2251 turribus
954 2192 1037 2263 Idan,
1144 2201 1192 2254 osb

178 2272 352 2354 Privernum
374 2275 476 2355 Capys.
508 2275 587 2335 huno
608 2275 703 2352 primo
722 2273 792 2335 leris
813 2272 896 2339 hasta
917 2274 1083 2340 Themillae

178 2358 352 2418 strinxerat:
374 2357 422 2420 ille
439 2376 560 2420 manum
578 2359 710 2436 proiecto
727 2357 855 2436 tegmine
874 2358 995 2420 demens

179 2440 216 2501 ad
235 2439 339 2502 volnus
361 2441 440 2512 tulit;
464 2459 536 2520 ergo
555 2440 608 2502 alis
629 2440 747 2519 adlapsa
769 2442 870 2517 sagitta

180 2534 207 2585 at
229 2524 311 2586 laevo
331 2525 420 2587 isllxa
442 2533 487 2588 est
508 2525 592 2586 lateri
613 2540 717 2584 manus
739 2523 894 2603 abditaque
915 2534 993 2588 intus

178 2610 355 2688 spiramenta
378 2611 492 2671 animas
508 2607 588 2669 letali
607 2605 727 2668 volnere
748 2609 837 2686 rupit.
1143 2621 1194 2672 sss

177 2692 273 2754 stabat
295 2694 325 2754 in
346 2692 472 2769 egregiis
490 2690 625 2751 Arcentis
642 2689 719 2749 lilius
732 2691 831 2759 armis,

177 2778 273 2855 pietus
293 2793 349 2842 aera
367 2772 552 2853 chlamydem
575 2779 603 2833 st
624 2772 774 2851 ferrugine
791 2772 888 2836 olarus
910 2775 1029 2849 Hibera,

177 2861 298 2939 insignis
319 2858 404 2929 iaoie,
422 2855 538 2936 genitor
559 2873 646 2935 quem
667 2857 787 2919 miserat
808 2857 928 2930 Arcens,

178 2944 316 3005 eductum
338 2941 438 3001 Matris
456 2938 524 3002 lueo
545 2937 711 3018 Symaethia
730 2934 842 3007 oireur'u

178 3026 307 3096 dumhra,
330 3025 447 3103 pinguis
465 3023 517 3086 rabi
539 3034 568 3086 et
587 3023 737 3104 placabilis
757 3045 807 3088 ara
828 3026 934 3088 Palici:
1141 3036 1193 3088 sed

177 3110 351 3171 stridentem
373 3108 494 3170 lhndam
515 3109 618 3188 positis
637 3108 795 3192 Mezentius
817 3109 908 3171 hastis

178 3193 241 3271 ipse
264 3199 309 3252 ter
332 3192 457 3254 adducta
479 3193 592 3254 circum
614 3199 702 3269 eaput
724 3194 784 3269 egit
803 3192 919 3254 habena

179 3281 208 3337 et
227 3274 323 3337 media
343 3276 457 3338 adversi
478 3275 635 3356 liquefacto
657 3282 790 3353 tempora
812 3274 933 3353 plumbo

178 3357 283 3420 diffidit
303 3376 337 3420 ae
355 3359 447 3420 multa
468 3364 640 3439 porrectum
663 3357 792 3420 extendit
812 3359 932 3422 harena.

220 3441 295 3504 Tum
314 3444 442 3521 primum
460 3441 539 3503 bello
562 3439 689 3503 celerem
707 3443 866 3505 intendisse
886 3447 1019 3520 sagittam

109 3577 115 3590 .
178 3525 285 3594 dloitur
306 3525 471 3589 anteferas
493 3523 595 3587 solitus
617 3532 732 3587 terrere
755 3525 873 3607 fugaces
