2512 4096
408 764 451 840 P.
474 763 692 844 VERGILI
712 763 942 843 MARONIS
1000 698 1012 717 ·

332 936 1020 1034 nunninus

503 1109 632 1167 ‘ttnntt
655 1107 835 1177 uulnus-'s

211 1439 326 1501 interea
348 1440 477 1501 medium
498 1442 612 1502 Aeneas
632 1444 691 1502 iam
713 1441 805 1503 classe
826 1441 943 1503 tenebat

169 1528 268 1583 certus
285 1522 340 1584 iter
362 1523 526 1601 fluctusque
544 1534 623 1585 atros
640 1523 775 1603 aquilone
796 1524 927 1598 secabat,

169 1607 284 1667 moenia
303 1608 478 1686 respiciens,
502 1626 576 1685 quae
594 1609 653 1668 iam
672 1607 796 1668 infelicis
817 1608 926 1670 Elissae

169 1687 325 1751 conlucent
345 1690 478 1751 flammis.
523 1709 598 1768 qnae
618 1697 731 1752 tantum
752 1691 918 1752 accenderit
937 1693 1035 1770 ignem

169 1788 256 1836 causa
276 1772 361 1844 latet;
383 1774 449 1836 duri
469 1791 575 1851 magno
596 1774 647 1834 sod
662 1792 763 1835 amore
783 1773 899 1836 dolores
1170 1796 1188 1844 s.

167 1855 278 1934 polluto
300 1867 476 1937 notumque,
498 1857 599 1919 suiuus
622 1857 691 1936 quin
710 1859 818 1920 femina
838 1861 944 1938 possit,

167 1940 250 2002 triste
271 1959 324 2020 per
344 1943 499 2020 augurium
519 1941 702 2003 Teucrorum
722 1952 842 2022 pectora
864 1943 981 2007 ducunt.

167 2031 200 2084 ut
220 2024 342 2105 pelagus
364 2035 486 2087 tenuere
508 2034 586 2086 rates
603 2043 660 2088 nec
677 2027 737 2087 iam
752 2025 876 2104 amplius
899 2025 956 2088 ulia

167 2110 296 2169 occurrit
316 2108 415 2181 tellus,
439 2110 529 2171 maria
550 2109 680 2188 undique
701 2117 729 2170 et
748 2110 878 2189 undique
898 2109 1027 2171 caeluni:

167 2189 217 2251 clii
239 2192 392 2254 caeruleus
414 2211 502 2272 supra
525 2203 612 2272 caput
632 2195 720 2254 astitit
740 2193 836 2255 imber
1152 2212 1189 2261 ιο

166 2285 284 2336 noctem
304 2277 488 2357 hiememque
510 2278 623 2347 ferens,
635 2287 676 2338 ‘et
695 2277 844 2338 inhorruit
865 2276 943 2336 unda
964 2275 1104 2338 tenebris.

165 2358 229 2436 ipse
251 2359 431 2438 gubernator
452 2364 544 2440 puppi
565 2359 720 2421 Palinurus
741 2360 778 2422 ab
801 2360 857 2422 nita

168 2442 258 2504 ‘licui
280 2445 417 2521 quianam
438 2447 510 2504 tanti
529 2446 683 2505 cinxerunt
704 2443 824 2504 aethera
844 2439 952 2502 nimhii

167 2527 284 2605 quidve,
307 2534 392 2607 pater
414 2527 564 2604 Neptune,
583 2524 700 2602 parasi'
723 2528 766 2588 sic
787 2527 892 2588 deiude
912 2525 1027 2588 locutus

167 2609 305 2689 colligere
327 2628 407 2671 arma
429 2609 512 2673 iubet
531 2607 690 2688 validisque
712 2610 884 2687 incumbere
904 2611 1010 2681 r·cmis‚
1150 2630 1185 2680 ls

145 2736 148 2742 -
167 2693 354 2774 obliquatque
373 2695 453 2754 sinus
473 2695 503 2753 in
525 2701 644 2753 rentum
665 2692 785 2754 actalia
806 2694 897 2754 satur:

163 2780 364 2856 ‘magnanime
385 2778 497 2846 Aenea,
518 2793 593 2844 non,
612 2776 636 2837 si
657 2776 729 2838 mihi
749 2777 879 2858 luppiter
903 2785 1006 2838 auctor

165 2861 321 2940 spondeat,
344 2860 401 2920 hoc
425 2877 542 2939 sperem
562 2859 671 2921 ltaliam
696 2862 866 2940 contingere
884 2860 974 2923 caelo.

164 2945 267 3006 mutati
289 2949 459 3005 transversa
476 2944 605 3006 fromunt
628 2953 656 3005 et
678 2962 801 3023 vespere
817 2945 854 3005 ab
873 2955 937 3007 atro

166 3036 349 3106 consurgunt
368 3028 461 3098 venti,
482 3039 569 3106 atque
591 3029 622 3088 in
642 3028 754 3089 nubem
776 3031 890 3106 cogitur
911 3034 971 3089 aer.
1147 3043 1187 3095 no

164 3129 220 3172 nec
239 3128 293 3172 nos
315 3111 407 3172 obniti
428 3121 529 3172 contra
551 3131 607 3172 uec
622 3112 745 3174 tendere
763 3120 876 3172 tantum

164 3194 334 3255 sufficimus.
380 3205 499 3272 superat
518 3196 656 3273 quoniam
676 3195 821 3264 Fortuna,
843 3211 1016 3272 sequautur,

165 3295 282 3356 quoque
301 3287 399 3348 vocat,
424 3286 571 3338 vertamus
592 3278 657 3338 iter.
700 3294 756 3337 neo
780 3275 865 3336 litora
886 3276 973 3355 louge

163 3360 221 3423 iida
242 3379 310 3422 reor
333 3363 460 3422 fraterna
482 3359 583 3439 Erycis
604 3368 765 3439 portusque
786 3360 920 3433 Sicanos,

163 3446 188 3505 si
209 3444 296 3506 modo
319 3447 375 3505 rite
396 3460 509 3506 memor
528 3452 642 3505 serrata
660 3444 801 3506 remetior
823 3445 926 3507 astra'
1143 3461 1179 3515 25
