2512 4096
224 302 286 364 246
552 309 692 358 venarer
706 309 832 358 annuis
851 309 914 359 vru

224 468 357 532 lancibus
377 470 525 547 ingentem
545 467 658 528 iumum
680 463 823 546 (mirabile
843 465 930 544 dictu)

224 554 332 614 evomit
351 551 528 630 involvitque
550 550 670 612 domum
692 549 815 626 caligine
833 566 928 619 caeca,

223 643 413 715 prospectum
436 637 564 714 eripiens
587 634 687 704 oculis,
714 632 916 712 glomeratque
939 631 992 693 sub
1017 639 1100 693 antro

223 719 392 781 fumiferam
410 727 527 780 noctem
548 720 712 780 commixtis
733 719 800 796 igne
820 717 959 778 tenebris.

222 822 282 865 non
305 802 371 865 tulit
390 802 505 864 Alcides
527 804 631 864 animis
652 820 743 882 seque
763 804 826 881 ipse
846 819 900 881 per
918 802 1016 878 ignem

224 887 379 967 praecipiti
401 889 469 948 iecit
483 886 567 958 saltu,
586 906 643 966 qua
661 887 807 967 plurimus
822 886 931 947 undam

222 971 321 1033 tumus
343 971 402 1050 agit
423 971 589 1048 nebulaque
610 973 713 1048 ingens
734 989 840 1050 specus
861 977 973 1032 aestuat
995 977 1066 1029 atra.

222 1055 271 1116 hic
294 1057 401 1132 Cacum
420 1056 451 1117 in
473 1054 602 1116 tenebris
624 1056 759 1117 incendia
774 1073 846 1115 vana
861 1061 1027 1115 vomentem

224 1141 347 1219 corripit
369 1141 399 1200 in
420 1138 532 1201 nodum
555 1139 724 1218 complexus
746 1148 774 1201 et
795 1142 874 1218 angit
893 1139 1049 1199 inhaerens

149 1237 152 1240 ’
224 1223 311 1284 elisos
333 1221 434 1286 oculos
454 1231 484 1285 et
504 1224 615 1285 siccum
636 1226 778 1301 sanguine
798 1231 907 1303 guttur.

222 1307 361 1385 panditur
384 1306 530 1386 extemplo
550 1306 665 1371 loribus
683 1309 787 1370 domus
808 1313 871 1369 atra
892 1306 1023 1374 revolsis,

222 1390 447 1469 abstractaeque
468 1390 560 1453 boves
582 1392 790 1472 abiurataeque
809 1392 930 1470 rapinae

223 1472 306 1535 caelo
326 1475 529 1546 ostenduntur,
547 1477 731 1556 pedibusque
753 1476 878 1536 informe
898 1476 1022 1536 cadaver

222 1557 426 1635 protrahitur:
450 1568 601 1638 nequeunt
622 1560 733 1639 expleri
755 1560 844 1621 corda
864 1560 973 1621 tuendo

222 1639 363 1701 terribilis
386 1641 495 1712 oculos,
518 1641 627 1704 voltum
648 1643 805 1722 villosaque
824 1645 911 1705 saetis

221 1731 343 1803 pectora
364 1725 493 1785 semiferi
514 1732 602 1806 atque
623 1728 765 1787 extinctos
786 1726 920 1787 saucibus
941 1727 1027 1803 ignis.

224 1826 260 1868 ex
280 1806 330 1869 illo
353 1807 521 1870 celebratus
541 1809 645 1881 honos,
669 1809 795 1888 laetique
814 1811 945 1870 minores

222 1909 375 1953 servavere
398 1892 484 1965 diem,
507 1895 679 1974 primusque
700 1893 822 1954 Potitius
841 1901 944 1955 auctor

224 1983 252 2038 et
272 1975 378 2040 domus
396 1977 534 2039 Herculei
556 1985 655 2041 custos
675 1978 791 2039 Pinaria
812 1979 898 2039 sacri.

222 2061 300 2122 hanc
321 2080 403 2123 aram
419 2061 487 2124 luco
508 2065 615 2134 statuit,
639 2081 714 2142 quae
735 2080 871 2124 maxuma
893 2079 1009 2141 semper

226 2145 338 2213 licetur
360 2144 445 2208 nobis
468 2154 497 2207 et
519 2149 574 2209 erit
595 2165 670 2227 quae
691 2165 828 2208 maxuma
845 2164 973 2226 semper.

224 2247 316 2310 quare
335 2231 422 2308 agite,
442 2248 460 2290 o
482 2233 609 2303 iuvenes,
633 2239 780 2294 tantmum
799 2233 829 2292 in
850 2247 974 2292 munere
991 2227 1112 2289 laudum

224 2313 332 2392 cingite
350 2313 457 2376 fronde
480 2333 578 2377 eomas
597 2322 627 2378 et
645 2316 751 2396 poeula
773 2316 887 2394 porgite
911 2313 1020 2374 dextris

224 2415 470 2478 communemque
490 2405 592 2462 vocate
610 2399 699 2462 deum
722 2405 751 2460 et
767 2400 833 2460 date
854 2400 921 2459 vina
941 2396 1090 2458 volentes'

151 2482 155 2489 ’
224 2480 347 2551 dixerat,
366 2481 511 2543 Herculea
530 2482 644 2544 bicolor
668 2501 736 2544 cum
757 2480 883 2561 populus
903 2481 1010 2543 umbra

226 2562 387 2643 velavitque
410 2583 508 2626 comas
529 2565 665 2646 foliisque
686 2567 793 2627 innexa
813 2563 953 2644 pependit

225 2658 254 2709 et
274 2666 357 2710 sacer
377 2647 496 2728 inplevit
517 2650 651 2710 dextram
672 2649 809 2730 scyphus.
846 2650 928 2708 ocius
950 2663 1053 2712 omnes

223 2732 254 2793 in
275 2749 408 2792 mensam
427 2730 497 2792 laeti
515 2731 606 2793 libant
626 2733 767 2812 divosque
788 2739 958 2810 precantur.

266 2815 382 2876 Devexo
400 2815 512 2876 interea
532 2817 655 2897 propior
672 2817 707 2878 tit
728 2815 839 2895 Vesper
860 2813 994 2895 Olympo.

225 2900 342 2977 iamque
360 2899 530 2962 memdotes
548 2901 722 2980 primusque
739 2900 862 2961 Potitius
883 2897 975 2972 ibant

246 2981 350 3044 ellibus
368 2983 400 3043 in
422 2999 537 3045 morem
556 2983 652 3055 cincti,
674 2985 866 3066 tlanrmasque
886 2984 1030 3046 lerebant.

183 3128 190 3139 ,
224 3001 404 3147 linstaurant
426 3066 527 3146 epulas
551 3075 580 3130 et
600 3087 719 3131 mensae
740 3076 822 3146 grata
840 3067 988 3134 secundae

225 3150 302 3211 dona
320 3149 420 3211 ferunt
439 3151 649 3234 cumulantque
669 3155 798 3215 oneratis
817 3152 951 3214 lancibus
974 3150 1064 3231 aras]

225 3242 288 3295 tum
310 3232 373 3294 salii
394 3234 432 3295 ad
453 3242 554 3297 cantus
575 3238 693 3299 incensa
714 3235 815 3297 altaria
837 3237 948 3295 circum

225 3315 359 3397 populeis
379 3317 486 3380 adsunt
506 3320 611 3381 evincti
629 3326 762 3397 tempora
777 3320 875 3389 ramis,

225 3402 275 3461 hio
295 3401 434 3461 iuvenum
456 3401 574 3473 chorus,
596 3403 645 3465 ille
666 3420 785 3472 senum;
808 3403 859 3482 qui
882 3403 1011 3463 carmine
1032 3401 1135 3463 laudes

225 3483 386 3546 Herculeas
405 3492 435 3546 et
455 3486 531 3547 laeta
551 3486 665 3548 ferunt:
686 3494 720 3548 ut
741 3486 836 3565 prima
856 3504 999 3548 novercae

226 3576 357 3631 monstra
378 3586 468 3632 manu
490 3572 683 3650 geminasque
702 3588 841 3650 premens
863 3569 970 3637 eliserit
994 3585 1111 3645 angues,
