2512 4096
401 281 544 330 vnntttm
565 279 691 328 Anulus
709 279 732 326 V

59 449 123 499 tum
143 436 211 516 pius
230 436 343 498 Aeneas
381 434 516 515 equidem
539 435 582 494 sio
602 451 725 512 poscere
745 440 847 495 ventos

59 516 220 580 iaududum
242 527 271 580 et
288 518 397 580 frustra
420 535 509 580 cerno
531 525 560 578 te
581 517 703 579 tendere
722 523 832 578 conua.

60 600 146 672 ilecto
164 601 240 662 rism
256 601 337 664 velis.
382 619 419 663 au
440 602 477 663 sit
497 600 570 662 mihi
590 602 701 679 gratior
720 598 796 670 ulla,

60 702 154 764 quove
170 686 262 763 magis
283 685 374 746 fessos
396 693 495 763 optem
509 683 661 746 demittere
681 685 776 752 navis,

59 785 146 846 quam
168 784 243 846 quae
264 768 443 830 Dardanium
462 767 549 830 tellus
569 767 642 829 mibi
661 774 756 829 serrat
776 765 903 827 Acesten
1035 779 1068 831 so

60 858 89 910 et
110 851 201 929 patris
219 851 364 913 Anchisae
384 853 498 930 gremio
516 849 718 928 complectitur
738 848 835 911 ossal'

57 933 132 995 baec
150 933 202 994 ubi
217 933 310 1005 dcte,
332 942 436 1014 petunt
453 943 571 1014 portus,
594 943 622 995 et
641 933 704 994 reia
723 932 843 996 secundi

57 1016 213 1078 intendunt
233 1018 370 1098 zephyri:
394 1019 488 1080 fertur
510 1019 566 1079 cita
586 1019 702 1096 gurgite
722 1015 836 1086 classis,

58 1108 87 1159 et
104 1100 221 1160 tsndem
238 1099 307 1162 laeti
324 1109 410 1162 notae
428 1101 618 1163 advertuntur
637 1101 773 1162 harenae.

99 1183 135 1242 At
155 1182 260 1261 procul
283 1201 318 1245 ex
339 1183 416 1246 celso
439 1187 561 1254 miratus
577 1185 685 1247 vertice
705 1186 811 1245 montis
1034 1195 1067 1245 ts

57 1265 213 1326 adrentum
231 1268 383 1345 sociusque
405 1274 483 1328 retes
507 1270 636 1328 occurrit
657 1268 791 1335 Acestes,

56 1348 195 1410 horridus
215 1351 247 1409 in
267 1348 369 1411 iaculis
391 1359 420 1411 et
437 1349 514 1428 pelle
530 1348 685 1428 Libystidis
703 1367 805 1418 ursae,

56 1429 146 1492 Troia
167 1431 279 1493 Criniso
298 1440 472 1512 conceptum
489 1432 610 1494 flumine
630 1441 724 1494 muter

57 1531 144 1592 quem
167 1517 276 1594 genuit.
320 1523 452 1577 veterum
473 1533 533 1576 nou
551 1517 696 1577 inmemor
715 1515 763 1576 ille
786 1524 941 1593 pareutum

56 1603 188 1675 gratatur
205 1599 331 1661 reduces
353 1607 383 1660 et
402 1616 472 1677 geza
489 1598 582 1660 laetus
604 1601 711 1676 agresti
1033 1611 1068 1658 sc

56 1681 163 1758 excipit
185 1699 219 1742 sc
238 1682 331 1743 iessos
350 1681 455 1760 opibus
475 1681 586 1743 solatur
604 1684 712 1743 amicis.

97 1763 218 1825 Postera
241 1783 309 1827 cum
330 1767 427 1845 primo
447 1764 544 1827 stellas
565 1765 685 1826 Oriente
706 1766 821 1842 iugarat

58 1845 137 1907 clara
160 1847 236 1918 dies,
260 1849 356 1910 socios
377 1851 407 1910 in
428 1857 545 1910 coetum
565 1848 651 1910 litore
668 1848 704 1909 ab
721 1849 800 1908 omni

56 1929 178 1989 aduocat
198 1933 311 1993 Aeneas
332 1931 494 2010 tumulique
514 1950 550 1992 ex
571 1948 679 2011 aggere
700 1931 794 1990 latur:

72 2010 256 2073 Dardanidae
276 2017 390 2092 magni,
408 2032 500 2091 genus
522 2012 579 2074 alto
600 2031 618 2075 a
635 2014 776 2090 sanguiue
794 2009 904 2080 divom,
1034 2023 1066 2073 ss

57 2109 172 2153 annuus
196 2099 304 2156 exactis
326 2095 489 2174 completur
509 2095 660 2157 mensibus
681 2094 776 2163 orbis,

57 2195 92 2237 ex
113 2194 171 2253 quo
189 2175 326 2256 reliquias
348 2178 494 2255 divinique
515 2195 581 2238 ossa
600 2178 729 2255 parentis

56 2258 239 2321 condidimus
260 2268 340 2338 terra
359 2268 542 2337 moestusque
563 2261 740 2320 sacravimus
762 2276 835 2320 aras.

54 2344 173 2421 iamque
195 2343 271 2412 dies,
294 2344 349 2403 nisi
370 2341 469 2413 fallor,
488 2341 585 2413 adest,
608 2337 696 2422 quem
716 2359 832 2420 semper
854 2340 1000 2410 acerbum,

55 2442 173 2503 semper
195 2424 371 2487 honoratum
393 2427 445 2502 (sic
467 2427 497 2488 di
517 2424 655 2506 voluistis)
677 2424 802 2486 habebo.
1030 2436 1065 2486 so

54 2507 134 2572 huuc
156 2526 211 2587 ego
234 2508 362 2571 Gaetulis
384 2525 503 2587 agerem
524 2510 550 2570 si
571 2508 704 2588 Syrtibus
725 2507 791 2569 exul

54 2589 226 2669 Argolicove
248 2593 322 2652 muri
345 2593 507 2670 deprensus
528 2601 556 2654 et
574 2593 649 2654 urbe
667 2591 818 2671 Mycenae,

55 2690 152 2734 annua
174 2685 239 2737 vota
258 2685 356 2737 tamen
379 2674 585 2755 sollemnisque
603 2674 706 2736 ordine
727 2691 849 2753 pompas

55 2775 217 2835 exequerer
238 2765 442 2838 strueremque
459 2761 520 2820 suis
541 2757 643 2820 altaria
662 2759 753 2820 donis.

54 2857 135 2900 nunc
153 2839 230 2901 ultro
250 2841 287 2902 ad
304 2843 418 2903 cineres
436 2843 527 2929 ipsius
548 2851 575 2902 et
597 2859 663 2902 ossa
683 2842 812 2918 parentis
1029 2849 1062 2899 aa

55 2922 138 2997 (baut
158 2922 293 3001 equidem
314 2925 378 2986 sine
398 2933 496 2988 mente
518 2944 601 2995 reor,
624 2927 687 2985 sine
708 2925 828 2985 numine
850 2921 956 2996 divom)

55 3003 207 3093 adsumus,
228 3014 256 3067 et
274 3015 378 3084 portus
399 3007 486 3069 delati
503 3009 645 3070 intramus
667 3009 784 3068 amicos.

55 3105 126 3166 ergo
149 3090 225 3166 agite
248 3099 276 3150 et
296 3089 406 3152 laetum
430 3093 527 3152 cuncti
548 3091 731 3153 celebremus
747 3088 904 3148 bonorem:

53 3189 210 3250 poscamus
230 3183 345 3244 uentos,
368 3186 455 3252 atque
471 3175 544 3236 haec
565 3193 613 3236 me
633 3192 717 3235 sacra
736 3169 891 3250 quotannis

53 3254 128 3317 urbe
146 3255 212 3316 velit
233 3260 326 3335 posita
347 3256 463 3335 templis
484 3257 540 3318 sibi
560 3258 639 3319 ierre
658 3257 767 3317 dicatis.
1028 3259 1062 3312 00

53 3338 122 3400 bina
142 3339 232 3400 boum
253 3339 333 3401 robis
352 3340 439 3401 Troia
460 3350 616 3418 generatus
636 3343 754 3402 Acestes

54 3422 102 3482 dat
124 3441 247 3483 numero
270 3425 363 3499 capita
385 3424 415 3482 in
436 3423 532 3492 natis;
554 3423 689 3485 adhibete
708 3429 828 3500 penates

53 3516 81 3565 et
103 3508 213 3583 patrios
237 3504 330 3585 epulis
352 3515 380 3565 et
401 3522 474 3584 quos
498 3503 565 3567 colit
582 3505 689 3584 hospes
711 3506 837 3565 Acestes.
