2512 4096
562 270 686 320 GULEX.

121 424 305 505 pinguntqne
327 423 468 486 aureolos
483 425 569 486 viridi
589 424 702 505 pallore
724 402 888 505 corymbos,

122 508 187 588 quis
208 506 310 568 aderat
331 510 437 569 veteris
459 516 572 588 myrtus
593 527 654 569 non
676 509 775 569 nescia
797 509 859 573 iati.

121 591 167 652 bis
189 588 309 651 suberat
330 591 434 670 gelidis
455 610 578 654 manans
600 611 617 653 e
638 591 768 653 lontibus
789 594 876 664 unda,

122 691 196 753 quae
218 673 331 735 levibus
351 673 500 754 placidum
522 677 592 737 rivis
612 682 698 736 sonat
719 683 783 736 acta
805 675 963 756 liquorum.

121 765 151 818 at
172 755 307 819 volueres
328 757 435 837 patulis
456 760 621 840 residentes
642 757 738 819 dulcia
760 761 851 820 ramis

122 841 253 901 carmina
274 859 329 921 per
351 844 446 903 varios
468 844 560 904 edunt
579 842 748 904 resonantia
770 851 888 911 oantns;

122 930 152 985 et
173 942 288 1004 quaqua
310 926 442 1004 geminas
464 928 560 988 avium
581 944 637 987 vox
659 925 804 1006 obstrepit
824 945 919 997 aures,

121 1007 178 1068 hae
199 1007 337 1086 quentiae
359 1009 494 1071 referunt
515 1028 601 1070 voces
622 1011 688 1089 quis
710 1011 810 1070 nantia
831 1009 903 1071 limo

123 1108 248 1169 corpora
270 1090 390 1172 lympha
411 1093 503 1163 ioret;
526 1095 638 1154 sonitus
660 1091 712 1154 alit
733 1094 810 1154 aeris
832 1094 915 1162 eobo,

123 1175 234 1251 argutis
256 1181 286 1235 et
307 1183 413 1237 cuncta
434 1176 566 1238 iremunt
587 1176 705 1238 arbusta
728 1176 846 1237 cicadis.

123 1264 154 1317 at
175 1258 253 1319 circa
275 1259 385 1338 passim
406 1258 502 1321 fessae
524 1259 652 1321 cubuere
675 1258 804 1338 capellae

124 1339 248 1401 excelsis
269 1341 370 1403 subter
392 1342 502 1414 dumis,
525 1361 598 1422 quos
619 1342 726 1404 leuiter
748 1341 860 1402 adssans
953 1416 957 1427 ι

124 1442 195 1484 arua
216 1427 397 1486 susurrantis
418 1427 514 1506 poscit
536 1426 717 1487 confundere
739 1427 826 1486 venti.

165 1507 283 1579 Pastor,
306 1517 338 1571 ut
359 1508 396 1570 ad
417 1509 530 1570 iontem
552 1508 642 1571 densa
663 1510 806 1588 requievit
826 1510 857 1570 in
879 1510 992 1582 umbra,

123 1592 225 1652 mitem
248 1593 382 1670 concepit
402 1593 552 1672 proiectus
572 1591 706 1654 membra
727 1610 874 1672 soporem,

123 1674 228 1735 anxius
248 1674 362 1735 insidiis
383 1675 485 1747 nullis,
509 1676 561 1738 sed
575 1675 672 1737 lentus
692 1677 724 1736 in
745 1675 847 1736 herbis

123 1775 229 1819 securo
250 1775 368 1838 pressos
390 1777 494 1822 somno
516 1760 706 1821 mandaverat
727 1766 822 1820 artus:

123 1848 231 1902 stratus
252 1842 336 1903 humi
358 1841 474 1905 dulcem
496 1842 630 1922 capiebat
652 1842 741 1904 corde
762 1844 900 1921 quietem,

123 1926 155 1985 ni
175 1924 237 1985 iors
255 1926 387 1987 incertos
408 1928 540 1988 iussisset
561 1926 668 1987 ducere
691 1943 783 1986 casus.

123 2026 192 2068 nam
214 2006 332 2068 solitum
354 2007 472 2070 volvens
494 2007 531 2068 ad
552 2015 668 2087 tempus
689 2007 832 2069 tractibus
853 2008 947 2070 isdem

123 2092 260 2152 immanis
282 2092 363 2151 vario
384 2089 546 2152 maculatus
568 2109 692 2169 corpore
714 2108 846 2169 serpens,

124 2190 238 2234 mersus
260 2174 345 2234 utin
366 2172 436 2234 limo
458 2190 565 2252 magno
587 2172 753 2235 subsideret
774 2181 865 2241 aestu.

124 2256 208 2318 obvia
230 2256 357 2318 vibranti
378 2274 503 2336 carpens
526 2258 621 2335 gravis
643 2274 695 2317 ore
717 2256 857 2335 trilingui,

123 2357 296 2420 squamosos
316 2338 376 2401 late
397 2338 554 2419 torquebat
574 2339 702 2402 motibus
723 2340 825 2400 orbes:

124 2421 279 2484 mollibant
300 2440 390 2484 aurae
412 2424 555 2484 venientis
576 2423 695 2484 ilamina
717 2425 808 2484 nisus.
830 2430 834 2437 '

124 2508 182 2567 iam
206 2507 299 2584 magis
321 2513 408 2586 atque
430 2507 523 2585 magis
545 2525 653 2585 corpus
667 2505 830 2568 revolubile
851 2506 970 2569 volvens

124 2587 230 2650 attollit
251 2589 351 2650 nitidis
372 2597 476 2669 pectus
497 2589 675 2668 fulgoribus,
699 2608 768 2652 ecee

123 2671 243 2734 sublimi
265 2673 379 2734 cervice
401 2680 502 2753 caput,
525 2675 573 2735 cui
594 2675 683 2736 erista
703 2692 832 2754 superne

125 2756 202 2817 edita
223 2773 374 2837 purpureo
395 2755 498 2819 lucens
519 2759 644 2819 iactatur
665 2760 783 2828 amictu,

124 2845 303 2919 aspectuque
325 2841 435 2900 micant
456 2841 640 2902 flammarum
662 2839 774 2902 lumina
796 2848 889 2903 torvo·

124 2923 252 2983 nictatur
271 2921 330 2982 late
353 2923 464 2984 circum
487 2922 565 2993 iera,
588 2941 656 2984 eum
678 2923 756 2984 videt
776 2925 881 3001 iugens

125 3004 281 3067 adversum
302 3003 446 3071 recubare
468 3004 573 3065 ducem
596 3006 702 3082 gregis.
726 3007 823 3066 acrior
843 3007 933 3066 instat
1085 3017 1135 3068 175

124 3088 236 3149 lumina
257 3087 425 3149 diffundens
446 3089 619 3166 intentuque
642 3087 726 3148 obvia
747 3095 830 3148 torvo

125 3172 238 3232 saevius
260 3173 405 3252 arripiens
426 3171 613 3241 inirendere,
636 3170 714 3252 quod
736 3189 789 3232 sua
810 3172 961 3252 quisquam

126 3253 162 3315 ad
183 3254 256 3317 vada
278 3256 414 3317 venisset.
438 3262 561 3316 naturae
583 3262 733 3334 comparat
755 3272 852 3316 arma:

126 3337 210 3400 ardet
230 3346 345 3410 mente,
367 3338 439 3401 furit
460 3338 651 3408 stridoribus,
674 3339 789 3399 intonat
810 3356 872 3408 ore,

125 3421 249 3483 lienibus
271 3441 309 3484 en
328 3425 423 3485 versis
448 3428 602 3503 torquetur
620 3425 756 3504 corporis
777 3423 867 3492 orbis,

125 3513 246 3568 manant
266 3508 445 3585 sanguineae
466 3523 521 3585 per
543 3512 653 3571 uectus
675 3505 804 3585 undique
827 3513 938 3585 guttae,
