2512 4096
150 259 213 322 282
474 270 615 318 vnnorm
640 270 765 320 sauma
781 271 829 318 vn

150 444 226 506 qnae
244 427 306 487 iors
327 427 422 505 prima
445 425 523 486 dedit
543 425 660 501 sanguis
682 442 772 484 novos
793 425 898 486 imbuit
919 445 1008 487 arma.

152 508 219 570 talla
241 510 376 607 coniugia
398 515 426 569 et
445 506 510 568 talis
533 505 682 568 celebrent
703 507 880 604 hymenaeos

151 592 303 670 egregium
323 589 443 653 Veneris
465 606 557 667 genus
580 597 608 650 et
629 607 682 650 rex
703 591 767 668 ipse
789 590 915 651 Latinus.

151 693 179 735 ce
200 692 290 752 super
312 673 456 736 aetherias
477 690 578 734 errare
598 671 731 733 licentius
752 690 839 734 auras

150 757 221 819 baut
242 764 324 835 pater
347 755 396 818 ille
416 755 492 826 velit,
512 757 620 816 summi
641 763 781 832 regnator
802 754 932 835 Olympi:

150 840 222 902 cede
240 839 326 910 locis:
349 858 413 918 ego,
435 839 517 918 siqua
539 855 628 916 snper
650 838 765 899 fortuna
785 837 920 900 laborum
942 848 993 908 est,

150 925 211 1001 ipsa
234 924 353 1002 regam'
387 920 452 984 talis
475 922 596 983 dederat
615 921 750 982 Saturnia
770 940 865 983 voces

150 1004 198 1067 illa
218 1013 316 1068 autem
338 1004 441 1066 attollit
460 1004 608 1066 stridentis
625 1003 768 1082 anguibus
787 1003 846 1066 alas

151 1087 308 1170 Cocytique
329 1089 401 1168 petit
421 1088 530 1158 sedem,
553 1105 643 1166 snper
665 1088 756 1149 ardua
775 1086 917 1166 linquens

151 1180 194 1232 est
214 1171 297 1232 locus
316 1170 415 1232 ltaliae
437 1171 534 1232 medio
556 1169 610 1232 sub
632 1170 779 1231 montibus
801 1170 874 1240 altis,

150 1253 255 1315 nobilis
277 1254 404 1315 etfama
426 1252 523 1315 multis
544 1259 721 1315 memoratus
742 1255 773 1313 in
795 1254 864 1322 oris,

151 1338 311 1417 ampsancti
333 1335 437 1398 valles:
460 1337 557 1397 densis
576 1337 655 1397 huuc
675 1335 830 1397 frondibus
852 1342 946 1396 atrum

151 1428 257 1498 urguet
278 1423 425 1497 utrimque
445 1418 520 1480 latus
538 1420 675 1489 nemoris,
699 1419 853 1497 medioque
874 1417 1008 1495 fragosus

152 1504 201 1563 dat
223 1504 352 1563 sonitum
370 1504 447 1563 saxis
466 1509 495 1563 et
515 1508 592 1562 torto
611 1502 720 1564 vertice
738 1510 864 1563 torrens.

150 1586 198 1647 bic
219 1603 324 1665 specus
346 1585 527 1646 horrendum
548 1593 576 1646 et
596 1587 674 1647 sueri
696 1583 841 1664 spiracula
863 1583 935 1644 Ilitie

150 1675 360 1739 monstrantur,
379 1674 527 1746 ruptoque
549 1669 652 1747 ingens
674 1668 840 1729 Acheronte
859 1683 968 1744 vorago

150 1753 302 1830 pestiferas
323 1751 417 1829 aperit
439 1751 548 1820 lauces,
573 1753 637 1830 quis
660 1751 775 1812 condita
798 1751 903 1827 erinps,

151 1837 273 1896 iurisrrm
294 1851 413 1905 numen,
435 1842 529 1895 terras
550 1834 722 1914 caelumque
738 1831 860 1896 levabat
948 1856 951 1860 ยน

192 1917 253 1980 Nec
270 1918 366 1979 miuus
387 1918 498 1978 interea
523 1926 685 1979 extremam
708 1916 843 1980 Saturnia
862 1914 938 1975 bello

152 2002 274 2079 imponit
294 2001 396 2078 regina
414 2018 543 2061 manum.
575 2002 634 2062 ruit
657 2001 750 2061 omnis
770 2001 800 2061 in
820 1997 926 2060 urbem

152 2091 300 2163 pastorum
323 2101 359 2144 ex
382 2085 444 2144 acie
465 2101 608 2145 numerus
630 2101 731 2146 caesos
772 2101 789 2144 e
810 2087 963 2160 reportant

151 2169 302 2228 Almonem
320 2183 445 2245 puerum
468 2166 634 2245 foedatique
654 2184 706 2229 ora
754 2165 841 2226 alaesi

151 2248 366 2328 implorantque
386 2249 457 2310 deos
479 2249 719 2327 obtestanturque
744 2249 887 2310 Latinum.

150 2331 269 2394 'furnus
287 2332 369 2393 adest
390 2333 547 2411 medioque
568 2335 598 2393 iu
621 2333 742 2394 erimine
763 2332 859 2393 caedis
882 2338 909 2392 et
930 2331 990 2409 igni

150 2422 294 2477 terrorem
312 2416 486 2492 ingeminat:
507 2415 638 2477 Teucros
658 2417 688 2476 in
706 2433 797 2494 regna
818 2415 925 2485 vocari,

148 2499 270 2576 'stirpem
292 2498 445 2559 admisceri
467 2497 633 2578 Phrygiam,
655 2516 687 2559 se
708 2497 808 2560 limine
824 2496 901 2576 pelli.

151 2591 213 2642 tum
235 2599 361 2660 quorum
383 2583 521 2642 attonitae
541 2580 657 2642 Baccho
680 2597 801 2641 nemora
825 2580 885 2641 avia
909 2586 1016 2641 matres

151 2663 288 2725 insultant
311 2664 412 2724 thiasis
434 2663 542 2743 (neque
563 2665 641 2724 enim
659 2661 725 2724 leve
746 2679 853 2723 nomen
875 2662 1014 2740 Amatae),

151 2747 280 2826 undique
300 2745 414 2808 collecti
435 2752 542 2808 cocum
562 2745 745 2823 Martemque
767 2743 895 2822 latigant.

150 2829 226 2890 ilicet
248 2827 399 2891 infandum
421 2829 518 2890 cuncti
541 2834 643 2888 conus
664 2828 761 2889 omina
780 2826 900 2896 bellum,

151 2920 252 2974 contra
274 2914 331 2973 iata
353 2913 440 2987 deum
461 2929 601 2991 perverso
621 2912 740 2973 numine
762 2918 895 2992 poscunt.

151 2997 285 3057 certatim
304 2996 383 3074 regis
404 2996 593 3057 circumstant
615 3003 691 3058 tecta
710 2995 813 3057 Latini.

151 3079 198 3139 ille
221 3078 299 3139 velut
319 3078 415 3156 pelagi
435 3096 525 3157 rupes
548 3080 668 3140 immota
689 3080 806 3148 resistit,

151 3167 183 3221 ut
204 3160 300 3238 pelagi
321 3178 411 3239 rupes
431 3178 537 3239 magno
557 3162 690 3222 veniente
712 3163 838 3239 fragore,

150 3261 225 3322 quae
244 3260 311 3303 sese
329 3241 428 3303 multis
448 3244 560 3306 circum
582 3243 754 3304 latrantibus
776 3243 862 3303 undis

64 3390 66 3394 ,
152 3326 227 3385 mole
247 3330 341 3392 tenet:
364 3325 477 3402 scopuli
496 3325 673 3403 nequiquam
694 3332 722 3386 et
742 3343 863 3403 spumea
886 3327 996 3387 circum

149 3425 219 3468 saxa
240 3408 370 3467 iremuut
389 3406 534 3485 laterique
554 3405 637 3468 inlisa
659 3408 825 3470 retunditur
848 3409 923 3487 alga.

150 3507 252 3553 rernm
274 3488 325 3550 nbi
346 3487 425 3550 nulla
448 3490 533 3551 datur
555 3507 674 3551 caecum
696 3509 874 3569 exsuperare
897 3498 1027 3571 potestas
