2512 4096
455 267 598 321 VERGILI
612 267 752 316 ECLOGA
768 268 795 314 11

163 442 183 480 α
237 435 285 495 'en
306 439 446 500 umquam
467 423 579 499 patrios
600 421 687 500 longo
709 428 776 500 post
798 427 930 498 tempore
951 419 1026 493 finis,

192 540 209 549 -·
237 506 385 583 pauperis
407 511 436 566 et
456 507 555 584 tuguri
577 512 749 585 congestum
771 505 897 582 caespite
919 501 1036 577 culmen

239 595 316 666 post
337 586 446 667 aliquot
467 607 532 649 mea
553 607 644 668 regna
665 589 766 650 videns
786 586 917 648 mirabor
938 585 1059 646 aristas?

245 672 351 751 impius
373 672 446 733 haec
469 677 527 733 tam
550 673 625 734 culta
647 671 759 732 novalia
780 670 863 731 miles
886 669 1014 740 habebit,
1098 677 1133 735 70

247 755 391 816 barbarus
413 756 465 816 has
487 743 616 834 sogales:
640 774 676 816 en
698 773 757 834 quo
779 754 922 816 discordia
945 753 1013 814 ciris

248 839 385 916 produxit
406 839 543 907 miseros,
567 839 613 900 his
633 857 687 899 nos
710 838 891 900 consevimus
914 837 1013 915 agros!

248 923 345 983 insere
366 939 459 993 nunc,
481 921 638 992 Meliboee,
661 925 756 1001 piros;
786 938 863 1001 pone
885 920 988 981 ordine
1009 920 1090 981 vitos.

250 1007 290 1066 ite
311 1024 395 1066 meae
419 1006 568 1085 quondam
589 1004 657 1066 felix
679 1023 782 1083 pecus,
805 1006 845 1065 ite
867 1001 1005 1081 capellae.

248 1106 308 1149 non
330 1106 384 1168 ego
406 1106 457 1150 ros
478 1089 601 1167 posthac
621 1090 706 1150 viridi
726 1089 876 1168 proiectus
897 1089 927 1147 in
951 1094 1035 1147 antro
1099 1094 1133 1151 7⁵

250 1171 371 1233 dumosa
393 1172 524 1250 pendere
544 1172 651 1249 procul
672 1173 708 1233 de
730 1190 805 1250 rupe
826 1170 945 1238 ridebo;

166 1254 186 1332 β
251 1255 379 1314 carmina
401 1254 481 1315 nulla
503 1273 622 1325 canam;
644 1274 704 1316 non
724 1274 771 1316 me
793 1260 945 1333 pascente,
970 1252 1106 1338 capellae,

252 1336 405 1398 ilorentem
425 1338 550 1416 cytisum
573 1346 602 1400 ct
622 1338 725 1400 salices
747 1338 872 1415 carpetis
894 1353 1016 1397 amaras.

123 1425 138 1480 l
245 1421 277 1480 T.
300 1420 355 1481 Hic
366 1427 464 1480 tamen
475 1420 550 1480 hano
560 1440 676 1483 mecum
690 1429 809 1499 poteras
819 1421 1005 1499 requiescere
1017 1427 1132 1483 noctem

248 1504 354 1564 fronde
375 1521 465 1581 super
487 1503 585 1564 viridi:
607 1513 675 1566 sunt
696 1504 781 1566 nobis
804 1504 881 1564 mitia
903 1520 999 1583 poma,
1099 1513 1134 1568 eo

253 1594 404 1648 castaneae
425 1584 529 1647 molles
552 1595 580 1648 et
600 1589 694 1666 pressi
716 1589 798 1667 copia
820 1587 910 1649 lactis.

249 1677 279 1732 et
298 1672 356 1732 iam
371 1687 485 1732 summa
507 1671 611 1748 procul
632 1671 765 1734 villarum
787 1670 913 1733 culmina
935 1671 1057 1740 iumant,

247 1754 431 1834 maioresque
453 1753 562 1815 cadunt
583 1754 648 1815 altis
670 1757 706 1818 de
728 1755 876 1817 montibus
898 1755 1029 1816 umbrae.
1061 1830 1072 1845 ,

531 1943 721 1955 -——-

608 2100 651 2185 II

250 2245 446 2307 Formonsum
469 2253 570 2324 pastor
592 2244 728 2323 Corydon
750 2242 872 2304 ardebat
892 2243 1013 2315 Alexim,

251 2327 368 2389 delicias
390 2329 517 2398 domini;
540 2345 596 2389 nec
623 2327 693 2405 quid
715 2333 849 2404 speraret
869 2327 1004 2390 habebat

251 2417 364 2472 tantum
385 2413 461 2472 inter
483 2412 589 2474 densas
610 2410 750 2472 umbrosa
772 2412 922 2473 cacumina
945 2412 1027 2492 lagos

249 2493 368 2557 adsidue
389 2495 533 2557 veniebat.
558 2494 616 2555 *ibi
637 2495 711 2556 haec
731 2495 880 2556 incondita
901 2495 982 2557 solus

250 2579 399 2641 montibus
422 2586 451 2641 et
471 2578 549 2640 silvis
570 2579 665 2651 studio
687 2578 813 2640 iactabat
834 2581 943 2640 inanis
1115 2590 1132 2642 5
1249 2618 1253 2627 ·

291 2660 315 2724 0
337 2662 464 2725 crudelis
485 2662 582 2733 Alexi,
605 2661 677 2724 nihil
697 2681 763 2724 mea
786 2665 915 2724 carmina
937 2663 1039 2724 curas?

249 2744 289 2806 nil
309 2749 403 2808 nostri
424 2748 583 2809 misererei
605 2747 681 2807 mori
702 2765 749 2807 mo
772 2746 897 2826 denique
920 2762 1017 2823 coges.

252 2846 330 2891 nunc
353 2833 441 2892 etiam
462 2830 591 2908 pecudes
612 2829 733 2891 umbras
756 2836 785 2891 et
806 2829 916 2910 frigora
939 2835 1071 2908 captant;

250 2929 329 2972 nunc
350 2913 457 2976 virides
479 2915 566 2975 etiarn
588 2913 735 2974 occultant
756 2913 869 2991 spineta
891 2912 1027 2984 lacertos,

251 2993 395 3075 Thestylis
416 3002 446 3057 at
467 2996 570 3074 rapido
592 2996 676 3056 sessis
697 2996 877 3057 messoribus
899 3003 981 3058 aestu
1102 3007 1134 3058 10

133 3140 136 3146 ,
251 3077 306 3138 alia
326 3078 547 3158 serpullumque
568 3079 676 3140 herbas
698 3079 851 3138 contundit
872 3079 984 3140 olentis.

250 3168 280 3223 at
300 3180 418 3224 meeum
438 3164 550 3232 raucis,
572 3169 623 3222 tua
645 3162 716 3222 dum
737 3163 856 3238 vestigia
877 3161 978 3233 lustro,

249 3245 311 3306 sole
332 3246 387 3308 sub
409 3247 523 3309 ardenti
544 3252 682 3307 resonant
702 3245 821 3306 arbusta
844 3246 958 3307 cicadis.

247 3331 344 3392 nonne
366 3329 421 3391 iuit
441 3331 546 3400 satius,
568 3330 658 3390 tristis
679 3328 861 3408 Amaryllidis
882 3330 942 3390 iras

250 3416 336 3489 atque
358 3413 486 3492 superba
507 3415 566 3492 pati
588 3412 717 3473 fastidiat
739 3430 837 3473 nonne
859 3411 1018 3479 Menalcan,
1099 3418 1132 3471 la

249 3497 381 3647 Ἑμνίε
402 3496 451 3558 ille
471 3499 568 3574 niger,
589 3497 718 3576 quamvis
740 3503 773 3558 tu
795 3494 936 3556 candidus
958 3492 1053 3557 esses?

275 3591 285 3605 ,,
351 3629 355 3637 ,
920 3593 969 3653 1*
