2512 4096
171 228 233 293 278
508 237 651 287 vanans
668 238 846 288 aauarsix

171 395 301 459 fulminis
319 403 383 457 acta
401 395 499 466 modo,
522 411 609 472 quam
631 410 686 454 neo
709 393 768 454 duo
790 400 890 454 uurea
909 400 995 471 terge

171 498 228 543 nec
250 478 358 557 duplici
378 496 499 558 squama
519 478 610 538 lorica
632 475 726 538 tidelis
746 483 775 538 et
795 493 867 537 auro

172 563 322 625 sustinuit:
343 561 480 641 conlapsa
501 566 594 624 ruunt
613 561 751 621 immania
768 559 911 621 membra.

173 648 221 710 dat
240 646 326 709 tellus
347 647 497 724 gemitum,
522 652 550 707 et
571 643 699 724 clipeum
715 661 805 722 super
826 645 940 704 intonat
961 646 1082 723 ingens.

173 730 237 794 talis
259 731 289 791 in
308 729 439 792 Euboico
461 730 600 792 Baiarum
624 728 710 790 litore
730 727 879 806 quondam

172 833 259 877 saxea
280 813 337 894 pila
362 814 448 884 cadit,
471 813 584 892 magnis
605 830 692 890 quam
714 810 840 874 molibus
859 817 926 877 aute

173 905 371 961 constructam
392 905 483 978 ponto
503 897 629 965 iaciunt;
651 896 695 958 sic
716 895 764 955 illa
784 896 900 957 minam

171 1000 266 1064 prona
288 983 379 1044 trahit
394 983 571 1063 penitusque
593 979 672 1041 vadis
693 978 776 1040 inlisa
794 977 954 1040 recumbit:

172 1068 298 1130 miscent
318 1083 352 1128 se
372 1067 483 1135 maria,¹
495 1073 523 1127 et
543 1065 646 1141 nigrae
667 1063 838 1125 attolluntur
858 1061 1008 1134 huense:

171 1158 235 1214 tum
257 1151 354 1212 sonitu
376 1149 523 1229 Prochyta
541 1147 598 1209 alta
620 1149 719 1209 tremit
739 1148 905 1224 durumque
927 1147 1031 1210 cubile

172 1235 299 1298 luarime
318 1234 394 1295 Iovis
415 1233 545 1312 imperiis
565 1233 681 1310 inposta
702 1230 851 1311 Typhoeo.

215 1318 270 1379 llic
291 1316 368 1378 ldars
388 1319 567 1396 armipotens
586 1317 717 1377 animum
739 1317 875 1395 viresque
892 1313 1005 1376 Latinis

173 1400 284 1463 addidit
305 1407 334 1462 et
358 1399 490 1463 stimulos
507 1400 585 1463 aeris
606 1399 661 1461 autb
683 1406 805 1479 pectore
826 1397 912 1460 vertit

173 1483 344 1562 inmisitque
368 1485 480 1562 Fugam
498 1485 622 1547 Teucris
643 1490 800 1562 atrumque
820 1481 982 1544 Timorem.

172 1567 305 1646 undique
323 1569 507 1640 conveniunt,
529 1569 667 1646 quoniam
689 1567 755 1628 data
778 1566 861 1647 copia
883 1581 1003 1644 pugnae

173 1650 358 1731 bellatorque
376 1652 473 1712 animo
497 1652 568 1712 deus
588 1651 699 1712 incidit.

172 1734 324 1797 Pandarus
346 1741 379 1796 ut
400 1733 465 1796 lusu
490 1751 663 1813 germanum
686 1751 812 1815 corpore
835 1736 929 1797 cernit

174 1827 203 1881 et
224 1837 282 1897 quo
305 1819 343 1880 slt
365 1818 483 1879 iortuna
503 1817 579 1889 loco,
602 1819 653 1897 qul
672 1834 757 1880 casus
778 1825 845 1896 agat
864 1835 922 1889 res,

172 1910 289 1983 portam
310 1903 338 1963 ri
357 1918 463 1980 magna
483 1919 626 1964 converso
649 1902 770 1963 cardine
790 1909 916 1982 torquet,

173 1986 298 2048 obnixus
320 1985 385 2048 latis
405 1987 524 2057 umeris,
547 1984 714 2065 multosque
736 2003 859 2048 suorum

173 2070 328 2133 moenibus
351 2068 486 2132 exclusos
506 2071 583 2135 duro
603 2072 632 2132 in
654 2071 814 2132 certamine
831 2068 951 2149 linquit;

173 2161 218 2216 ast
237 2152 308 2216 alios
329 2172 429 2216 secum
452 2154 577 2217 includit
596 2154 760 2232 recipitque
776 2154 898 2224 ruentis,

174 2239 305 2308 demens,
329 2239 380 2317 qui
400 2237 541 2300 Rutulum
563 2239 593 2298 in
614 2238 710 2299 medio
731 2254 792 2298 nou
814 2237 930 2314 agmine
950 2255 1058 2317 regem

173 2320 278 2385 viderit
296 2321 515 2400 inrumpentem
536 2319 674 2401 ultroque
694 2320 846 2384 incluserit
864 2320 943 2391 urbi,

173 2405 331 2466 immanem
352 2404 440 2467 veluti
462 2423 570 2485 pecora
592 2405 670 2466 inter
690 2404 796 2465 inertia
816 2405 925 2482 tigrim.
1140 2412 1191 2465 730

174 2491 313 2550 continuo
335 2506 408 2550 nova
429 2488 479 2550 lux
501 2487 594 2550 oculis
616 2485 730 2558 ciiulsit,
753 2494 783 2549 et
804 2505 885 2549 arma

173 2571 356 2634 horrendum
373 2588 515 2640 sonuere;
538 2578 669 2632 tremunt
688 2571 719 2631 in
740 2572 850 2632 vertice
872 2572 979 2632 cristae

173 2656 359 2733 sanguineae,
383 2652 536 2733 clipeoque
554 2654 691 2713 micantia
711 2651 832 2714 fulmina
854 2654 959 2716 mittit:

173 2738 358 2816 adgnoscunt
374 2736 480 2798 taciem
497 2735 619 2797 invisam
641 2743 728 2815 atque
748 2737 887 2799 immania
905 2737 1044 2801 membra

174 2819 283 2882 turbati
304 2818 402 2881 subito
424 2819 588 2881 Aeneadae.
621 2825 685 2881 tum
703 2820 856 2882 Pandarus
877 2823 982 2901 ingens
1142 2829 1189 2880 tto

174 2903 278 2966 emicat
300 2909 329 2965 et
349 2904 453 2964 mortis
475 2901 622 2967 intenae
639 2903 770 2967 ierridus
790 2906 834 2966 ira

175 2988 298 3050 eliatm:
319 2994 393 3049 ‘non
413 2987 489 3050 haec
510 2987 613 3050 dotalis
634 2989 717 3067 regia
736 2990 867 3058 Amatae,

173 3088 230 3134 nec
251 3073 344 3134 muris
363 3071 482 3135 cohibet
502 3074 604 3151 patriis
625 3073 721 3136 media
742 3074 837 3135 Ardea
859 3074 1003 3134 luruum.

175 3161 270 3218 castra
288 3156 405 3218 inimica
427 3157 523 3227 videm
541 3157 621 3221 nulla
640 3157 711 3220 hinc
732 3158 812 3219 exire
831 3154 979 3235 potcstae'

175 3236 224 3300 olli
245 3238 401 3302 subridens
423 3242 524 3303 sedato
542 3251 664 3320 pectore
685 3240 804 3302 Turnus
1139 3246 1190 3300 ⁷⁴0

176 3323 298 3403 ‘incipe
321 3326 405 3405 siqua
427 3327 524 3386 animo
543 3325 645 3396 virtus,
668 3329 697 3385 et
718 3340 841 3384 consere
864 3324 1015 3385 dextram:

174 3406 224 3467 laic
244 3410 331 3469 etiam
352 3411 501 3472 inventum
524 3408 641 3469 Priamo
662 3404 796 3467 narrabis
811 3405 974 3469 Achillem!

175 3491 297 3554 dixerat.
332 3490 381 3554 ille
400 3492 505 3554 rudem
527 3491 612 3551 nodis
633 3498 662 3553 et
684 3490 793 3551 cortice
813 3490 905 3552 crudo
