2512 4096
229 340 287 398 ΗΒ.
301 347 377 401 COld.

233 432 238 451 ¹
253 428 371 484 1ηΕΗΜΑ

234 508 418 648 'zgzfillflfill
429 505 492 580 lm

415 924 827 1010 PRAEFATIO.

562 1125 688 1140 §kM—ww·

204 1285 398 1388 Bibliopolae
426 1308 639 1386 honestissimi,
674 1310 724 1389 qui
750 1315 870 1387 praeter
896 1309 1039 1368 maiorem
1069 1307 1130 1369 edi·

123 1393 234 1455 tionem
269 1389 318 1450 vili
350 1391 445 1470 pretio
478 1391 609 1470 parabile
641 1391 791 1471 exemplar
823 1393 1019 1453 rescenslonis
1046 1408 1131 1452 meae

123 1483 223 1536 extare
246 1474 353 1544 voluit,
381 1475 512 1535 rationes
534 1476 627 1554 magis
655 1493 742 1554 quam
764 1493 845 1535 meas
862 1477 898 1536 in
920 1474 1052 1537 curando
1073 1475 1131 1536 hoc

122 1557 200 1619 libro
217 1564 334 1618 secutus
356 1575 430 1618 sum.
467 1560 517 1635 qui
539 1576 606 1618 cum
622 1559 789 1619 scholarum
811 1560 997 1638 potissimum
1013 1575 1129 1618 eorum-

124 1659 181 1720 que
196 1639 349 1702 bominum
363 1643 430 1702 usui
446 1640 609 1702 destinatus
624 1643 671 1712 sit,
688 1644 738 1721 qui
753 1643 872 1703 criticae
884 1660 992 1721 operae
1006 1642 1130 1702 sarcinis

123 1742 183 1785 non
210 1724 342 1805 impediti
369 1726 498 1786 carmina
519 1735 624 1804 poetae
646 1725 682 1785 ad
710 1723 798 1785 fidem
821 1728 947 1805 optimae
969 1726 1131 1786 memoriae

124 1807 277 1869 emendata
292 1814 321 1868 et
340 1809 372 1868 iu
393 1807 578 1887 prohabilem
594 1809 727 1869 ordinem
742 1809 860 1870 redacta
875 1810 975 1887 legere
989 1806 1130 1886 legendo·

123 1909 182 1971 que
195 1897 315 1968 gustare
330 1890 428 1961 velint,
445 1898 558 1954 textum
572 1895 715 1971 proposui
729 1910 789 1952 non
803 1910 926 1971 prorsus
938 1890 1064 1952 eundem
1081 1892 1131 1968 qui

122 1977 153 2036 iu
175 1975 288 2035 maiore
310 1972 438 2034 editione
460 1993 616 2054 expressus
639 1982 697 2046 est,
720 1975 771 2036 sed
795 1983 824 2036 et
845 1977 929 2035 novis
943 1975 1129 2042 coniecturis,

124 2075 197 2138 quas
212 2058 369 2117 maximam
389 2065 502 2136 partem
523 2061 553 2118 in
576 2059 793 2136 prolegomenis
808 2075 903 2134 nuper
926 2053 1057 2123 defendi,
1081 2055 1131 2115 ali·

124 2143 262 2219 quotiens
277 2146 421 2200 mutatum
433 2147 462 2200 et
477 2143 508 2200 iu
524 2140 749 2219 orthograplrieo
764 2156 875 2217 genere
886 2140 994 2217 partim
1009 2137 1045 2198 ad
1061 2155 1128 2199 nos·

123 2226 161 2286 tri
183 2225 246 2286 aeri
268 2221 510 2283 consuetudinem
533 2229 673 2301 quantum
695 2221 771 2282 salva
787 2223 966 2300 antiquitatis
987 2220 1045 2282 lide
1066 2223 1130 2282 tieri

122 2313 238 2388 poterat
258 2303 521 2374 accommodatum,
543 2307 649 2384 partim
664 2305 759 2365 sicubi
773 2304 896 2366 meliora
912 2305 976 2366 dies
991 2304 1131 2366 docuerat

122 2392 327 2452 reformatum.
364 2389 458 2449 varias
479 2395 577 2450 autern
596 2388 740 2450 lectiones
755 2388 854 2449 addidi
875 2388 987 2459 nullas,
1011 2390 1059 2466 qui
1074 2405 1130 2449 nec

123 2492 205 2535 meas
234 2476 298 2554 ipse
326 2473 425 2552 copias
452 2471 615 2551 despoliare
640 2491 738 2533 meum
764 2474 926 2552 putaverim
949 2489 1004 2532 nee
1026 2490 1129 2535 eorum

123 2557 280 2618 consilium
302 2556 440 2636 probem,
464 2558 513 2636 qui
535 2556 670 2618 frustulis
691 2559 791 2617 nescio
814 2554 920 2637 quibus
940 2553 1131 2635 supellectilis

124 2641 244 2701 criticae
277 2639 412 2701 delibatis
443 2639 610 2703 litterarum
638 2649 804 2702 nostrarum
832 2638 936 2700 studiis
963 2640 1033 2700 satis
1064 2639 1130 2699 deri

123 2741 212 2803 posse
238 2722 295 2783 sibi
327 2731 545 2802 persuaserunt.
595 2741 664 2784 nam
693 2725 735 2784 sic
763 2725 892 2784 animum
924 2721 1041 2790 induxi,
1074 2738 1130 2782 nec

125 2808 255 2868 omnium
279 2823 464 2867 communem
487 2824 551 2867 esse
572 2809 704 2867 criticam
726 2813 819 2868 artem
834 2824 891 2867 nec
906 2807 1039 2866 exerceri
1061 2822 1129 2865 oum

122 2891 222 2952 l'ructu
252 2907 339 2968 posse
361 2890 417 2950 nisi
443 2890 532 2968 pleno
556 2889 686 2950 adhibito
709 2891 915 2952 instrumento.
929 2921 941 2951 Α,
960 2907 998 2950 ne
1025 2905 1130 2948 recen·

124 2975 207 3035 tioris
230 2972 346 3052 quidem
362 2971 450 3033 ullius
465 2973 656 3052 exemplaris,
676 2972 755 3033 velut
776 2972 1007 3034 Hirzelianiaut
1027 2969 1126 3031 Weid-

80 3052 86 3063 ‘
124 3057 292 3126 manniam,
326 3072 342 3116 a
375 3062 476 3117 nostro
511 3057 677 3117 discrimina
716 3063 835 3118 enotare
867 3063 916 3117 aut
945 3071 1048 3116 aecum
1081 3060 1131 3114 aut

124 3139 198 3201 utile
220 3139 379 3200 habebam:
403 3157 470 3201 nam
491 3158 588 3220 neque
604 3157 762 3200 crumenae
778 3147 980 3220 empturorum
1002 3144 1034 3198 ut
1056 3136 1130 3198 duos

123 3223 171 3285 rel
199 3229 259 3284 tres
286 3242 340 3303 pro
362 3240 423 3284 uno
451 3222 528 3285 libro
554 3241 660 3303 parare
684 3225 797 3302 possint
819 3221 974 3284 consulere
995 3219 1131 3301 placebat

125 3323 183 3368 nee
217 3307 253 3368 de
286 3307 399 3368 diversa
431 3306 557 3368 lectione
583 3314 665 3368 recte
696 3307 818 3369 iudicari
849 3312 946 3386 potest
971 3306 1028 3366 nisi
1054 3305 1129 3364 anti-

126 3408 253 3470 quorum
286 3393 403 3451 testium
435 3393 578 3452 memoria
610 3391 734 3467 cognita.
784 3407 871 3469 quam
904 3388 941 3449 de
970 3384 1131 3448 maioribus

123 3472 245 3556 Vergilii
267 3473 446 3535 carminibus
466 3475 585 3552 plenam
600 3475 722 3552 exposui
744 3491 810 3533 cum
829 3473 859 3532 in
876 3471 1004 3533 editione
1017 3470 1130 3530 maiore

126 3563 187 3618 tum
202 3558 233 3617 in
248 3557 465 3641 prolegomenis
480 3561 604 3627 criticis3
628 3556 665 3617 de
680 3554 844 3616 minorihus
857 3554 1029 3634 propediem
1044 3565 1128 3611 accu-

880 3655 923 3715 a*
