2512 4096
584 251 683 300 clius,

129 425 194 478 ros,
216 407 378 468 Pandionia
407 407 486 484 siqui
519 406 555 467 de
577 413 665 485 gente
687 407 800 476 venitis,

129 492 263 552 cernitis:
286 488 336 551 illa
359 508 413 569 ego
436 509 501 552 surn
523 497 647 569 cognato
669 491 813 569 sanguine
834 491 916 552 robis

128 572 224 654 Scylla
253 574 341 658 (quod
363 593 380 634 o
402 574 480 635 salva
502 571 589 634 liccat
609 581 640 633 te
663 574 763 635 dicere
783 573 924 653 Procnc);

127 657 178 718 illa
200 675 255 737 ego
277 667 347 719 sum¹
365 657 427 718 Nisi
448 655 587 737 pollentis
608 656 667 717 lilia
689 655 847 737 quondam,

128 743 264 803 certatim
286 759 323 803 cx
345 743 425 802 omni
445 742 532 820 petiit
552 759 639 819 quarn
663 741 786 802 Graecia
801 758 903 819 regno,

126 843 183 904 qua
207 843 313 886 curvus
334 832 429 885 terras
452 823 638 904 amplectitur
658 823 881 904 Hellespontum

126 909 178 969 illa
200 925 254 988 ego
277 926 357 978 sum,
379 909 489 978 Minos,
513 914 628 968 sacrato
650 907 771 969 loedere
794 910 922 969 coniunx

126 992 205 1052 dicta
227 991 294 1053 tim:
317 999 417 1052 tamen
439 992 528 1069 haee,
552 993 608 1052 etsi
628 1009 688 1052 non
715 992 833 1071 aspicis,
857 991 948 1053 audis.

125 1076 262 1136 rinctane
283 1082 342 1136 tam
365 1076 465 1154 magni
486 1074 610 1136 tranabo
633 1076 758 1154 gurgitis
779 1075 891 1137 undas?

125 1159 223 1219 vincta
245 1166 288 1219 tot
309 1158 445 1220 adsiduas
465 1157 602 1238 pendebo
625 1177 661 1220 ex
683 1158 788 1220 ordine
808 1158 908 1220 luces?

126 1260 186 1302 non
209 1242 344 1321 equidem
367 1261 415 1303 me
437 1240 495 1303 alio
516 1260 638 1321 possum
660 1241 841 1303 contendere
864 1242 982 1320 dignam

124 1324 283 1405 supplicio,
307 1326 385 1405 quod
407 1327 450 1386 sic
471 1326 598 1404 patriam
620 1343 763 1405 carosque
784 1332 925 1404 penates.

125 1408 259 1470 hostibus
279 1410 435 1488 inmitiquc
457 1408 556 1470 addixi
577 1410 692 1488 ingrata
713 1417 848 1488 tyranno.

124 1493 354 1562 commisturae,
376 1493 488 1563 Minos,
510 1490 577 1554 illos
599 1491 742 1553 scelerata
762 1495 871 1572 putari,

123 1578 272 1638 sinestra
295 1583 363 1637 ante
385 1574 490 1656 aliquis
512 1576 651 1637 nudasset
672 1576 792 1637 foedera
815 1595 908 1646 casus,

122 1660 268 1730 facturos,
291 1678 417 1739 quorum
439 1660 561 1739 direptis
581 1659 735 1721 moenibus
755 1659 842 1721 urbis

123 1762 141 1803 o
163 1761 219 1823 ego
242 1742 370 1806 crudelis
392 1743 509 1805 flamma
532 1742 655 1804 delubra
676 1745 782 1823 petivi;

122 1835 152 1887 te
174 1845 244 1889 vero
265 1829 376 1888 victore
396 1829 481 1906 prius
501 1826 548 1887 rel
568 1827 665 1889 sidera
688 1845 791 1888 cursus

122 1916 270 1972 mutatura
292 1929 361 1972 suos
383 1929 470 1990 quarn
492 1919 522 1971 te
543 1911 617 1972 mihi
638 1909 706 1971 talia
729 1917 831 1986 captae

121 1991 271 2056 facturum
292 1996 394 2054 metui.
417 1996 477 2054 ianr
499 1994 558 2053 iam
579 1991 677 2054 scelns
699 1994 797 2052 omnia
819 1992 918 2053 vincit.

123 2085 173 2137 ten
196 2094 251 2156 ego
273 2075 340 2155 plus
360 2078 456 2154 patrio
479 2075 568 2136 dilexi
589 2074 704 2154 perdita
726 2076 837 2152 regnol

122 2168 172 2220 ten
195 2159 267 2238 egoi
289 2177 345 2220 nec
366 2160 489 2229 mIrurm
512 2156 591 2218 voltu
614 2157 735 2235 decepta
757 2157 855 2237 puella

122 2250 155 2304 ut
176 2243 236 2304 vidi
273 2249 306 2303 ut
326 2242 411 2322 perii,
438 2249 471 2302 ut
491 2259 539 2301 me
560 2240 655 2302 malus
676 2240 795 2302 abstulit
816 2258 909 2303 orror.

123 2345 183 2387 non
206 2324 342 2407 equidem
365 2344 401 2387 ex
422 2325 479 2385 isto
500 2326 616 2403 sperari
638 2342 763 2403 corpore
784 2343 870 2403 posse

121 2409 181 2470 tulo
202 2408 310 2470 malum
334 2409 430 2470 nasci:
452 2408 547 2469 forma
569 2406 615 2468 vel
636 2407 734 2469 sidera
755 2407 848 2469 fallas.

122 2511 171 2554 me
193 2510 252 2554 non
275 2491 388 2555 deliciis
409 2493 567 2553 commorit
587 2493 669 2570 regia
691 2491 780 2562 dives,

123 2577 204 2637 dives
226 2575 336 2637 curalio
357 2574 456 2654 fragili
478 2583 508 2636 et
528 2574 685 2636 lacrimoso
708 2573 828 2644 electro,

122 2678 171 2721 me
193 2678 253 2721 non
274 2659 414 2722 florentes
435 2658 551 2740 aequali
573 2675 698 2738 corpore
719 2659 875 2739 nymphae,

122 2761 182 2804 non
205 2751 300 2806 metus
320 2745 471 2806 incensam
492 2744 589 2823 potuit
609 2744 739 2804 retinere
761 2741 884 2805 deorum

123 2829 222 2888 omnia
243 2829 312 2888 vicit
333 2846 431 2896 amor;
454 2827 524 2906 quiid
547 2828 626 2887 enim
648 2844 709 2886 non
730 2828 862 2887 vinceret
882 2825 950 2886 illei

122 2927 183 2971 non
205 2910 277 2969 mihi
298 2910 357 2970 iarn
378 2910 482 2988 pingui
503 2907 651 2969 sudabunt
672 2916 806 2988 tempora
828 2909 957 2988 myrrha,

121 2991 257 3072 pronuba
279 3009 334 3052 nec
356 2999 451 3052 castos
473 2991 614 3052 accendet
634 2993 722 3070 pinus
736 2991 874 3062 honores,

122 3093 179 3137 neo
200 3075 289 3154 Libys
309 3076 428 3154 Assyrio
450 3080 599 3135 sternetur
620 3072 747 3135 lectulus
768 3082 858 3136 ostro.
1082 3081 1135 3135 44⁰

121 3176 195 3219 vana
217 3177 340 3238 queror:
362 3177 411 3220 me
433 3176 471 3219 ne
492 3156 542 3218 illa
563 3158 682 3238 qrridcm
705 3159 869 3220 communis
890 3156 1038 3221 alumnam

122 3241 259 3304 omnibus
279 3243 387 3304 iniecta
409 3241 495 3304 tellus
516 3241 672 3304 tumulabit
693 3260 793 3303 arena.

121 3343 209 3386 mene
229 3325 308 3387 inter
328 3333 438 3388 matres
460 3325 664 3407 ancillarisque
685 3328 814 3398 maritas,

121 3426 208 3470 mene
230 3407 301 3470 alias
321 3410 400 3470 inter
420 3408 596 3471 famularum
619 3428 742 3472 munere
764 3411 846 3488 longi

122 3493 255 3573 coniugis
277 3500 363 3575 atque
384 3501 466 3565 tuae,
490 3512 691 3576 quaecumque
714 3496 769 3557 erit
791 3497 853 3577 illa,
879 3498 982 3560 beatae
1086 3501 1136 3554 445
