2512 4096
463 258 604 306 truncum
619 259 744 308 neuris
763 261 801 308 rx
1078 249 1140 312 263

127 423 171 475 sat
192 415 258 476 latis
276 414 444 492 l'enerique
467 413 576 483 datum,
596 417 720 491 tetigere
740 415 818 493 quod
841 407 909 476 arva
1090 422 1140 474 1³5

127 497 228 559 fertilis
250 499 394 559 Ausoniae
409 497 511 559 Troes.
545 508 614 558 sunt
636 508 665 558 et
686 517 751 559 mea
773 508 876 559 contra

128 583 185 643 lata
206 582 286 652 mihi,
308 583 387 642 ferro
410 581 583 642 sceleratam
606 582 762 642 excindere
781 590 908 658 gentem,

128 667 251 744 coniuge
271 675 442 743 praerepta:
464 683 519 725 nec
540 665 619 725 solos
640 667 732 744 tangit
750 666 865 725 Atridas

126 752 180 812 iste
198 748 282 809 dolor
304 749 431 827 solisque
451 749 519 809 licet
539 766 645 825 capere
668 768 749 810 arura
767 749 905 829 Mycenis.

127 832 205 894 “sed
219 834 340 911 periisse
361 833 452 893 semel
470 833 539 892 satis
562 832 646 894 cst’':
667 850 793 912 peccare
812 834 915 894 luisset
961 884 970 899 .

126 929 194 978 ante
212 920 283 978 satis
303 919 419 996 penitus
441 917 528 976 modo
549 934 628 978 nuuc
645 934 738 993 genus
758 935 845 978 omne
866 935 987 995 perosos

126 1003 294 1062 femineum.
329 1001 435 1078 quibus
457 1001 530 1061 haec
550 1001 639 1061 medii
660 1001 767 1062 fiducia
787 1000 854 1062 valli

128 1087 333 1163 fossarumque
354 1102 464 1152 morae,
488 1084 539 1145 leti
562 1084 730 1145 discrimina
751 1103 849 1163 parva,

126 1171 196 1228 dant
215 1169 336 1229 animos.
370 1175 400 1228 at
421 1187 481 1228 non
502 1169 638 1228 viderunt
658 1171 773 1230 moenia
790 1168 896 1229 Troiae

127 1253 254 1328 Neptuni
277 1252 417 1312 fabricata
436 1269 526 1312 manu
546 1253 699 1313 considere
719 1255 749 1312 in
767 1253 860 1329 ignis?

126 1355 186 1397 non
208 1339 296 1397 armis
318 1335 390 1395 mihi
412 1332 539 1404 Volcani,
563 1353 622 1395 non
643 1336 723 1396 mille
745 1338 852 1396 carinis

125 1432 170 1481 est
189 1438 263 1496 opus
283 1422 313 1479 in
334 1418 467 1480 Teucros
489 1418 609 1494 (addant
627 1438 659 1480 se
680 1423 815 1497 protinus
839 1439 940 1480 omnes

124 1504 241 1564 Etrusci
258 1504 379 1580 socios);
402 1503 540 1564 tenebras
561 1510 590 1563 et
611 1505 714 1566 inertia
734 1505 812 1565 furta

126 1586 260 1669 [Palladii
283 1588 375 1648 caesis
397 1605 530 1648 summae
550 1587 720 1649 custodibus
742 1587 833 1669 arcis]

124 1689 162 1732 ne
183 1673 311 1742 timeant,
335 1689 390 1732 uec
412 1673 480 1750 equi
502 1689 589 1732 caeca
613 1672 776 1733 condemur
797 1675 828 1733 in
850 1671 930 1733 alvo:

124 1756 189 1816 luce
209 1754 306 1834 palam
326 1763 439 1816 certum
462 1764 506 1816 est
525 1757 586 1832 igni
609 1756 792 1818 circumdare
811 1775 921 1818 muros.

124 1840 196 1900 haut
213 1840 268 1900 sibi
288 1859 355 1901 cum
377 1840 484 1900 Danais
506 1857 570 1900 rem
591 1840 658 1901 saxo
680 1848 709 1902 et
730 1841 809 1918 pube
831 1840 952 1918 Pelasga

123 1941 187 1984 esse
208 1924 313 1994 lerant,
336 1925 493 1985 decumum
514 1941 588 2001 quos
609 1923 719 1984 distulit
740 1924 848 1984 Hector
868 1926 897 1983 in
917 1942 1035 1985 annum.

122 2025 202 2068 nunc
219 2007 301 2074 adeo,
324 2006 430 2067 melior
452 2008 590 2085 quoniam
613 2025 681 2083 pars
704 2018 767 2067 acta
793 2008 858 2075 diei,

123 2092 202 2168 quod
220 2096 364 2167 superest,
382 2090 450 2150 laeti
472 2090 549 2150 bene
572 2092 662 2167 gestis
681 2107 807 2167 corpora
828 2090 920 2150 rebus

122 2183 290 2253 procurate,
309 2174 370 2242 riri,
397 2180 427 2232 et
446 2190 576 2249 pugnam
600 2181 716 2251 sperate
741 2175 862 2250 parari!

122 2260 234 2319 interea
256 2256 375 2334 vigilum
396 2255 527 2316 excubiis
549 2256 685 2317 obsidere
704 2264 806 2335 portas

122 2360 194 2403 cura
215 2342 301 2401 datur
318 2341 452 2418 Messapo
474 2348 504 2399 et
526 2340 641 2401 moenia
664 2341 783 2417 cingere
803 2341 936 2402 tlamnris.

121 2425 167 2486 bis
186 2435 299 2502 septem
320 2422 428 2494 Rutuli,
455 2441 556 2484 muros
577 2425 629 2503 qui
648 2423 740 2485 milite
760 2434 886 2495 servent,
943 2417 951 2431 '

122 2509 243 2578 delecti;
266 2518 311 2569 ast
332 2509 398 2568 illos
419 2509 534 2568 centeni
554 2526 702 2587 quemque
724 2518 864 2570 secuntur

122 2594 265 2672 purpurei
287 2593 384 2654 cristis
407 2594 527 2654 iuvenes
549 2610 682 2673 auroque
705 2596 829 2654 corusci.

122 2677 293 2739 discurrunt
311 2678 483 2755 variantque
511 2679 588 2738 vices
610 2678 726 2757 lusique
747 2695 801 2755 per
821 2678 944 2738 herbam

123 2761 275 2839 indulgent
294 2763 361 2821 vino
381 2770 410 2821 et
430 2769 548 2822 vertunt
569 2769 699 2823 crateras
721 2767 820 2822 aenos.

122 2845 278 2906 conlucent
299 2847 391 2922 ignes,
415 2853 532 2905 noctem
555 2848 687 2907 custodia
707 2846 787 2906 ducit

121 2929 287 2988 insomnem
308 2928 387 2988 ludo.

164 3011 244 3072 llaec
265 3028 355 3089 super
378 3030 394 3071 e
418 3010 490 3070 vallo
514 3021 705 3089 prospectant
726 3013 820 3073 Troes
843 3025 871 3073 et
895 3026 984 3072 armts

123 3096 179 3156 alta
198 3103 307 3163 tenent,
328 3113 383 3156 nec
404 3113 464 3155 non
483 3094 589 3172 trepidi
611 3094 767 3156 formidine
786 3108 886 3174 portas

123 3178 276 3257 explorant
299 3182 455 3257 pontisque
480 3186 509 3239 et
530 3179 751 3258 propugnacula
772 3181 905 3257 iungunt,

123 3261 180 3323 tela
202 3272 318 3339 gerunt.
354 3265 441 3325 instat
460 3263 629 3325 Mnestheus
651 3282 778 3343 acerque
801 3264 945 3333 Serestus,

122 3364 196 3424 quos
213 3355 298 3426 pater
321 3351 441 3418 Aeneas,
465 3348 610 3426 siquando
631 3348 752 3409 adverse
777 3359 921 3418 uocarent,

121 3438 253 3492 rectores
274 3432 411 3493 iuvenum
434 3440 462 3493 et
483 3450 584 3493 rerum
602 3432 683 3494 dedit
704 3451 769 3494 esse
789 3433 954 3511 magistros.

120 3516 217 3576 omnis
234 3533 288 3594 per
309 3534 410 3577 muros
431 3516 517 3595 legio,
539 3518 640 3578 sortita
659 3516 811 3596 periclum,
