2512 4096
452 285 596 334 vultam
616 284 756 333 lochosa
777 284 799 330 V

145 460 150 468 ·
243 457 298 500 nos
310 447 407 500 tamen
420 439 493 500 haec
504 457 689 518 quocumque
699 437 951 498 modotibinostra
959 439 1090 500 vicissim
1101 453 1137 504 50

246 525 391 594 dicemus,
415 523 617 602 Daphnimque
638 530 721 584 tuum
742 520 877 582 tollemus
898 519 935 580 ad
957 528 1053 591 astra;

245 607 389 684 Daphnim
401 608 437 667 ad
451 615 528 668 astra
540 608 681 668 feremus:
693 606 799 665 amarit
806 623 859 664 uos
866 620 983 683 quoque
990 605 1133 683 Daphnis.

246 691 315 750 ΜΟ.
339 692 383 750 Au
406 693 562 769 quicquam
584 690 668 750 uobis
689 689 739 749 1511
760 691 797 748 sit
817 706 940 748 munere
961 690 1077 749 maius?

246 781 275 834 et
296 792 370 851 puer
391 776 453 851 ipse
476 775 530 841 fuit
552 775 662 834 cantari
683 774 802 850 dignus,
826 778 855 832 et
876 773 929 832 ista

246 858 303 917 iam
325 857 440 934 pridem
462 858 623 918 Stimichon
644 856 770 918 laudavit
792 857 920 915 carmina
942 855 1038 916 uobis.
1099 871 1134 921 55

118 932 145 1000 α’
287 942 358 1001 ΜΕ.
387 940 533 1002 Candidus
554 943 699 1001 insuetum
720 941 843 1000 miratur
864 938 952 1000 limen
974 938 1093 1018 Olympi

245 1024 300 1085 suh
323 1024 504 1102 pedibusque
525 1025 603 1085 ridet
623 1024 717 1084 nubes
739 1030 768 1083 et
788 1023 884 1083 sidera
906 1022 1045 1099 Daphnis.

120 1101 147 1166 α’
239 1125 309 1186 ergo
331 1108 436 1168 alacris
457 1107 543 1168 silvas
565 1116 594 1168 et
615 1113 711 1168 cetera
733 1124 803 1167 rura
825 1105 957 1183 voluptas

195 1200 201 1211 ‘
245 1191 383 1270 Panaque
404 1197 595 1270 pastoresque
616 1198 695 1252 tenet
715 1190 897 1268 dryadasque
918 1187 1039 1267 puellas.

120 1269 148 1351 fi
243 1274 304 1335 Nec
325 1275 411 1353 lupus
433 1276 551 1336 insidias
568 1277 682 1352 pecori,
706 1292 760 1334 nec
782 1274 854 1334 retia
877 1275 971 1333 cerrfs
1100 1285 1134 1338 65

247 1357 307 1418 ulla
329 1359 428 1419 dolum
450 1360 643 1426 meditantur;
666 1364 743 1418 amat
764 1356 859 1417 bonus
881 1359 938 1417 otia
960 1356 1101 1433 Daphnis.

249 1442 303 1518 ipsi
325 1441 432 1502 laetitia
454 1460 541 1503 voces
562 1442 599 1502 ad
621 1441 717 1501 sidera
739 1442 847 1501 iactant

247 1527 356 1585 intonsi
376 1532 504 1593 montes;
527 1528 608 1602 ipsae
629 1526 687 1584 iam
709 1525 838 1584 carmina
860 1541 958 1602 rupes,

248 1609 310 1684 ipsa
332 1615 437 1667 sonant
457 1608 592 1669 arbusta:
617 1609 712 1678 deus,
736 1607 808 1668 deus
829 1606 893 1678 1115,
915 1605 1067 1667 Μ5551551’

123 1685 149 1770 γ’
186 1700 222 1720 ···
247 1690 293 1751 Sis
314 1689 410 1751 bonus
433 1709 450 1750 o
472 1691 599 1770 felixque
620 1693 689 1752 tuis!
713 1708 749 1751 en
772 1697 908 1769 quattuor
930 1706 1010 1750 aras:
1099 1700 1133 1753 65

249 1792 319 1834 5555
333 1775 404 1836 duas
425 1774 492 1845 tihi,
515 1775 644 1852 Daphni,
668 1776 740 1835 duas
762 1774 862 1835 altaria
884 1772 1014 1834 Phoebo.

247 1855 353 1935 pocula
375 1857 443 1918 hina
463 1875 540 1918 noro
561 1860 725 1936 spumantia
746 1857 821 1919 lacte
844 1857 998 1936 quotannis

250 1949 438 2020 craterasque
459 1942 518 2002 duo
539 1949 663 2002 statuam
685 1941 738 2001 1111
759 1943 875 2019 pinguis
897 1940 971 2010 olivi,

249 2032 278 2086 et
298 2026 390 2088 multo
411 2028 441 2086 in
462 2026 564 2104 primis
585 2025 713 2086 hilarans
735 2026 864 2085 convivia
889 2023 1011 2091 baccho,

249 2117 323 2170 ante
337 2111 451 2181 focum,
474 2111 499 2170 si
520 2110 613 2188 frigus
636 2111 705 2179 erit,
728 2110 753 2167 si
774 2109 891 2178 messis,
914 2105 1071 2167 inumbra
1099 2116 1135 2170 70

250 2193 315 2253 rina
336 2212 442 2255 novom
465 2194 584 2255 fundam
606 2192 728 2254 calathis
749 2193 862 2252 Ariusia
884 2195 995 2251 nectar.

125 2269 150 2332 d
253 2277 411 2337 cantabunt
432 2278 504 2337 mihi
525 2278 679 2338 Damoetas
702 2283 730 2336 et
751 2276 868 2354 Lyctius
890 2275 1006 2350 hegom

251 2358 381 2419 saltantis
402 2367 516 2420 saturos
537 2359 696 2421 imitabitur
716 2357 936 2435 Alphesiboeus.

250 2441 324 2502 haec
345 2441 397 2501 tibi
418 2460 535 2518 semper
556 2449 644 2502 erunt
666 2449 695 2501 et
716 2459 784 2502 oum
805 2441 955 2502 sollemnia
977 2444 1042 2499 vota

250 2524 408 2584 reddemus
429 2525 577 2602 nymphis,
601 2532 629 2585 et
651 2542 718 2585 cum
739 2525 927 2586 lustrabimus
948 2539 1043 2601 agros.
1098 2533 1134 2587 75

125 2602 148 2667 r'
204 2642 218 2658 ι
254 2608 328 2668 Dum
350 2608 417 2685 iuga
438 2609 545 2667 montis
566 2625 646 2685 aper,
668 2609 772 2668 fluvios
794 2611 864 2670 dum
885 2609 972 2686 piscis
993 2605 1111 2677 amabit,

252 2691 379 2768 dumque
399 2690 500 2768 thymo
521 2699 677 2768 pascentur
699 2709 778 2769 apes,
801 2693 871 2753 dum
893 2709 962 2751 rore
983 2687 1111 2758 cicadae,

125 2768 150 2846 ζ’
253 2792 370 2852 semper
384 2774 478 2834 honos
493 2792 658 2853 nomenque
679 2782 761 2835 tuum
782 2773 941 2853 laudesque
962 2771 1133 2834 manebunt.

125 2861 152 2917 ι’
252 2858 422 2919 utDaccho
444 2857 614 2936 Cererique,
636 2858 689 2918 tibi
710 2860 752 2918 sic
773 2866 839 2919 rota
861 2858 1015 2936 quotannis

252 2941 397 3019 agricolae
419 2942 539 3011 facieut;
562 2942 714 3003 damnabis
735 2949 767 3002 tu
789 2960 906 3020 quoque
926 2942 1008 3001 votis.
1099 2949 1137 3002 80

29 3090 32 3095 ,
125 3019 150 3086 d'
289 3026 359 3086 MD.
383 3025 534 3097 05551111,
551 3045 625 3105 quae
640 3025 689 3086 1511
699 3025 821 3085 reddam
830 3044 885 3102 pro
898 3025 1027 3085 carmine
1039 3021 1136 3081 dona?

251 3125 319 3169 nam
341 3127 436 3186 neque
457 3129 505 3170 me
526 3117 638 3171 tantum
660 3110 800 3170 venientis
822 3109 923 3169 sibilus
945 3108 1036 3169 austri

252 3209 306 3252 nec
327 3210 466 3268 percussa
487 3194 586 3253 iuvant
606 3194 696 3254 fluctu
718 3200 777 3252 tam
798 3193 897 3263 blora]
921 3209 976 3252 nec
998 3206 1073 3268 quae

251 3291 370 3335 saxosas
391 3276 467 3335 inter
489 3275 650 3336 decurrunt
670 3276 790 3337 flumina
813 3275 910 3336 valles.

125 3379 149 3425 e·
246 3358 319 3418 ME.
341 3357 403 3419 llac
424 3365 453 3418 15
475 3376 528 3418 nos
550 3360 645 3437 fragili
668 3359 841 3420 donabimus
863 3365 931 3419 ante
953 3359 1056 3417 cicuta.
1101 3364 1136 3419 85

252 3441 325 3502 1555
347 3460 401 3501 nos
423 3443 615 3503 ‘formonsum
636 3442 770 3522 Corydon
792 3441 915 3502 ardebat
935 3437 1065 3507 Alexim:

252 3524 326 3586 hacc
348 3525 450 3587 eadem
473 3526 572 3587 docuit
593 3527 700 3587 ‘cuium
721 3525 830 3606 pecus?
852 3542 890 3584 an
910 3519 1071 3584 Meliboeif'
