2512 4096
366 116 512 164 vanem
535 117 740 166 eudaemon
761 119 788 165 11

68 269 144 330 dant
166 267 239 349 alios
260 268 333 331 aliae
355 270 446 341 letus,
469 272 539 332 dant
560 271 631 333 utile
652 271 765 350 lignum

67 352 194 431 navigiis
215 352 316 430 pinus,
339 352 475 415 domibus
497 354 678 434 cedrumque
700 372 923 435 cupressosque.

29 450 53 510 Q
70 435 142 496 hinc
164 435 262 495 radios
283 439 391 498 trivere
412 439 499 508 rotis,
522 438 591 499 hinc
612 445 749 518 tympana
770 437 908 516 plaustris

70 518 233 597 agricolae,
257 529 286 580 et
306 521 419 599 pandas
439 520 553 582 ratibus
573 539 700 599 posuere
723 524 847 583 carinas.

69 602 229 663 viminibus
251 603 370 674 salices,
393 604 535 666 fecundae
557 605 710 667 frondibus
731 604 813 675 ulmi

71 693 102 748 at
123 693 236 766 myrtus
260 685 359 748 validis
380 687 533 749 hastilibus
555 695 585 749 et
605 688 682 749 hona
704 688 783 749 hello

71 787 195 840 cornus,
218 769 351 832 Ituraeos
372 773 431 831 taxi
453 777 626 850 torquentur
648 774 678 832 in
699 790 795 833 arcus.

71 871 129 915 nec
151 853 230 914 tiliae
251 852 329 915 leves
352 861 401 916 aut
421 861 508 915 torno
530 855 617 916 rasile
639 855 750 918 buxum

72 954 132 996 non
155 935 280 997 sormam
303 939 447 1016 accipiunt
469 938 608 1018 ierroque
631 947 771 1000 cavantur
793 948 888 1001 acuto.

73 1038 129 1083 uec
151 1038 211 1080 non
234 1027 263 1080 et
283 1027 445 1083 torrentem
467 1022 576 1083 undam
598 1021 669 1084 levis
690 1025 802 1085 innatat
823 1023 906 1085 alnus

73 1105 162 1163 missa
183 1102 276 1172 Pado;
299 1121 436 1165 necnon
459 1112 487 1165 et
508 1123 578 1183 apes
600 1107 735 1179 examina
757 1106 888 1167 condunt

73 1185 292 1265 corticibusque
314 1189 391 1248 caris
412 1188 590 1266 vitiosaeque
611 1189 685 1250 ilicis
706 1190 781 1250 alvo.

73 1272 143 1349 quid
165 1271 389 1332 memorandum
411 1289 504 1350 aeque
525 1272 668 1333 Baccheia
691 1273 767 1333 dona
789 1272 934 1335 tmeruntt

72 1354 208 1416 Bacchus
230 1362 259 1416 et
281 1355 318 1415 ad
341 1353 457 1432 culpam
479 1373 582 1416 causas
604 1355 698 1425 dedit;
721 1355 770 1417 ille
791 1356 914 1418 furentis

72 1437 234 1500 Centauros
256 1438 315 1499 leto
338 1439 465 1508 domuit,
488 1438 698 1519 Rhoecumque
718 1438 902 1520 Pholumque

10 1530 23 1569 ἰ
72 1529 100 1582 et
121 1540 229 1600 magno
250 1522 391 1602 Hylaeum
413 1522 543 1600 lapithis
565 1530 679 1585 cratere
700 1526 869 1585 minantem.

114 1605 138 1666 0
161 1605 325 1667 fortunatos
346 1606 483 1677 nimium,
500 1625 559 1668 sua
581 1609 606 1668 si
626 1606 704 1668 bona
725 1608 832 1678 norint,

71 1689 227 1767 agricolas!
250 1689 355 1768 quibus
377 1692 439 1768 ipsa
461 1689 566 1768 procul
588 1691 772 1752 discordibus
794 1693 884 1752 armis

70 1772 166 1833 fundit
187 1772 277 1835 humo
300 1773 414 1834 facilem
435 1776 545 1834 victum
566 1774 721 1835 iustissima
743 1772 839 1835 tellus.

70 1858 93 1918 si
115 1873 176 1916 non
198 1857 346 1934 ingentem
369 1856 482 1918 loribus
504 1858 609 1917 domus
630 1858 686 1918 alta
709 1856 845 1934 superbis

69 1957 156 2000 mane
178 1938 355 2001 salutantum
377 1941 444 2000 totis
465 1942 555 2000 vomit
576 1939 697 2001 aedibus
718 1939 837 2006 undam,

69 2041 125 2083 nec
147 2023 243 2082 varios
264 2022 377 2082 inhiant
398 2021 521 2098 pulchra
542 2020 688 2082 testudine
711 2028 820 2099 postes,

69 2107 242 2186 inlusasque
271 2122 344 2167 auro
371 2109 466 2164 restes
488 2104 692 2183 Ephyreiaque
714 2122 792 2174 aera,

68 2188 135 2249 alba
157 2205 254 2266 neque
275 2188 392 2267 hssyrio
414 2186 530 2247 incatur
550 2186 616 2249 lana
638 2205 759 2258 veneno,

67 2290 124 2333 nec
146 2271 222 2332 casia
243 2270 346 2350 liquidi
368 2273 566 2349 corrumpitur
587 2289 658 2333 usus
680 2271 761 2333 olivi:

67 2363 97 2417 at
118 2373 221 2416 secura
245 2355 326 2435 quies
348 2360 377 2415 et
397 2353 618 2416 neseiaiallere
639 2356 704 2425 vita,

66 2439 147 2501 dives
170 2456 257 2517 opum
279 2439 441 2508 variarum,
467 2445 497 2499 at
517 2436 582 2500 latis
604 2441 662 2500 otia
683 2440 781 2501 lundis

66 2522 233 2604 (speluncae
255 2524 367 2602 riuique
388 2522 470 2584 lacus
492 2529 520 2584 et
541 2522 647 2602 frigido
669 2529 766 2602 tempe

64 2607 250 2686 mugitusque
272 2607 362 2668 houm
383 2605 544 2686 mollesque
565 2607 620 2668 sub
643 2606 751 2668 arbore
772 2607 876 2687 somni)

64 2708 125 2750 non
147 2690 266 2759 absunt;
288 2688 347 2750 illic
368 2689 459 2752 saltus
480 2709 515 2750 ac
536 2690 629 2752 lustra
650 2691 790 2762 terarum,

62 2781 94 2834 et
115 2775 227 2851 patiens
250 2791 373 2850 operum
395 2775 558 2852 exiguoque
579 2773 701 2834 adsueta
721 2774 856 2835 iuventus

63 2875 147 2918 sacra
171 2858 257 2917 deum
280 2857 431 2934 sanctique
451 2864 566 2934 patres:
589 2864 720 2918 extrema
741 2873 795 2935 per
816 2855 881 2917 illos

64 2941 174 3004 lustitia
197 2941 342 3001 excedens
363 2942 450 3001 terris
472 2941 590 3017 vestigia
613 2940 690 3001 iecit.

106 3025 152 3085 Me
174 3043 243 3086 vero
264 3025 393 3102 primum
415 3023 515 3086 dulces
537 3031 604 3085 ante
626 3025 722 3084 omnia
744 3030 854 3094 musae,

28 3101 32 3110 ’
64 3127 190 3188 quarum
211 3127 294 3169 sacra
316 3109 380 3169 iero
402 3110 513 3186 ingenti
533 3125 692 3186 percussus
714 3125 824 3176 amore,

63 3192 220 3270 accipiant,
244 3191 374 3274 caelique
395 3194 455 3253 vias
478 3199 509 3254 et
527 3193 624 3254 sidera
645 3198 819 3260 monstrent,

10 3314 26 3347 ,.
63 3276 196 3338 deiectus
217 3274 286 3336 solis
306 3277 403 3337 uarios
422 3275 567 3355 lunaeque
588 3275 721 3347 laborem

62 3361 141 3424 unde
163 3367 274 3420 tremor
296 3360 396 3430 terris,
419 3361 524 3439 quavi
546 3361 638 3421 maria
659 3360 715 3419 alta
737 3365 900 3421 tumescant

827 3459 869 3518 40
