2512 4096
465 278 608 327 venerer
624 277 749 327 arturus
765 279 818 326 1111
1084 267 1140 329 167

130 452 190 494 nou
210 433 292 494 aliter
313 451 400 511 quarn
422 435 446 492 si
468 434 593 493 inmissis
614 444 682 513 ruat
700 433 833 495 hostibus
855 435 949 495 omnis

128 517 274 595 Karthago
296 525 346 577 aut
366 517 483 596 antiqua
500 517 608 596 Tyros,
628 517 823 596 flammaeque
845 518 977 579 furentes
1091 526 1143 582 670

129 599 256 662 eulmina
277 617 391 678 perque
410 599 562 661 bominum
582 599 734 660 volvantur
755 618 868 680 perque
889 600 1012 663 deorum

127 683 219 745 audiit
240 684 380 744 exanimis
401 683 575 761 trepidoque
595 685 733 744 exterrita
754 701 851 755 eursu,

127 765 274 844 unguibus
299 755 351 827 ora
373 783 458 828 soror
481 766 600 826 foedans
623 775 652 827 et
672 772 792 844 pectora
815 770 922 846 pugnis

126 869 181 928 per
200 850 312 910 medios
330 851 441 910 ruitae
461 850 635 910 morientem
651 851 769 910 nomine
789 849 907 911 elamat:

128 934 201 993 ‘hoo
222 931 308 1001 illud,
332 950 488 1010 germana,
511 930 582 994 fuiti
604 951 652 994 me
670 933 775 994 fraude
789 932 929 1013 petebas?

126 1016 184 1076 hoo
204 1033 296 1095 rogus
317 1017 372 1078 iste
393 1016 478 1086 mihi,
502 1016 559 1077 hoo
580 1017 664 1094 ignes
685 1034 813 1096 araeque
834 1017 997 1094 parabunti

125 1099 195 1178 quid
218 1100 347 1178 primum
369 1100 484 1161 deserta
506 1101 631 1178 querar?
652 1100 827 1161 comitemne
845 1118 979 1162 sororem

125 1184 262 1261 sprevisti
283 1183 431 1245 moriensi
452 1183 554 1244 eadem
576 1201 625 1244 mo
646 1183 684 1244 ad
705 1183 764 1244 lata
785 1200 936 1245 vocasses:

125 1267 202 1327 idem
222 1265 323 1327 ambas
343 1266 423 1328 ferro
448 1265 532 1327 dolor
554 1277 642 1345 atque
664 1267 767 1328 eadem
788 1266 862 1327 bora
883 1267 1006 1329 tulisset.

125 1349 172 1410 his
194 1351 281 1410 etiam
303 1351 396 1411 struxi
416 1349 551 1411 minibus
572 1353 741 1430 patriosque
762 1351 862 1410 vooavi

126 1451 199 1495 vooe
221 1434 306 1503 deos,
330 1435 373 1494 sic
392 1442 421 1494 te
440 1441 474 1494 ut
494 1436 588 1511 posita
606 1433 733 1496 crudelis
754 1433 896 1495 abessem.

126 1518 246 1579 extinxti
267 1527 297 1579 te
321 1535 442 1596 meque,
465 1534 566 1588 soror,
589 1516 791 1596 populumque
813 1524 972 1595 patresque

125 1600 261 1662 Sidonios
281 1601 447 1678 urbemque
463 1608 553 1663 tuam.
598 1602 679 1672 date,
702 1599 822 1662 volnere
842 1600 968 1680 lymphis

125 1683 244 1746 abluam
265 1697 308 1755 et,
330 1694 480 1747 extremus
501 1686 591 1764 siquis
611 1703 702 1763 super
719 1683 831 1746 balitus
852 1694 946 1755 errat,

126 1786 178 1830 ore
196 1767 316 1847 legam!
360 1770 403 1830 sic
424 1771 482 1830 lata
503 1770 612 1847 gradus
633 1777 764 1831 evaserat
781 1768 855 1831 altos

125 1853 386 1931 semianimemque
406 1854 471 1914 sinu
492 1871 662 1932 germanam
684 1854 818 1932 amplexa
841 1851 957 1913 lorebat

127 1953 194 1994 oum
217 1937 328 2012 gemitu
351 1945 438 2015 atque
460 1943 540 1998 atros
562 1937 690 1998 siccabat
711 1945 791 1997 veste
810 1952 939 1997 oruores.

127 2015 175 2076 illa
195 2019 292 2093 gravis
313 2017 414 2081 oeulos
436 2027 541 2080 conata
565 2020 697 2081 attollere
717 2037 822 2080 rursus

127 2100 238 2167 delloit3
267 2101 388 2161 infixum
409 2103 506 2162 stridit
527 2103 581 2163 sub
602 2111 723 2180 peotore
740 2100 852 2162 volnus.

126 2194 172 2244 ter
195 2202 260 2244 sese
280 2182 414 2244 attollens
437 2184 594 2264 cubitoque
615 2186 720 2245 adnixa
741 2183 859 2254 levavit,

127 2276 171 2328 ter
191 2265 323 2328 revoluta
344 2276 439 2328 torost
461 2266 611 2347 oculisque
632 2268 798 2329 errantibus
817 2268 874 2329 alto

125 2352 267 2429 quaesivit
288 2349 369 2412 caelo
388 2349 486 2412 luoem
507 2352 706 2430 ingemuitque
725 2358 852 2430 reperta.

139 2451 143 2460 ·
167 2435 243 2496 'lum
264 2435 337 2495 luno
361 2435 545 2512 omnipotens
566 2434 687 2513 longum
708 2437 844 2496 miserata
866 2434 998 2497 dolorem

126 2517 312 2596 difficilisque
336 2517 432 2579 obitus
455 2518 523 2579 lrim
546 2517 662 2580 demisit
684 2517 821 2598 Olympo,

113 2620 199 2680 ⁴quae
221 2602 379 2664 luctantem
399 2604 524 2663 animam
543 2620 693 2681 nexosque
711 2601 870 2664 resolveret
891 2611 981 2664 artus.

124 2703 192 2746 nam
214 2687 281 2765 quia
299 2704 353 2746 neo
372 2685 430 2746 lato
451 2686 555 2747 merita
574 2704 631 2747 nee
648 2692 744 2748 morte
765 2686 895 2765 peribat,

124 2767 175 2835 sed
191 2771 297 2830 misera
315 2778 382 2830 ante
401 2771 477 2831 diem
500 2768 656 2848 subitoque
677 2787 800 2832 accensa
817 2770 935 2840 lurore,

125 2851 255 2911 nondum
276 2850 317 2911 illi
339 2851 442 2912 ssavom
460 2853 640 2931 Proserpina
661 2855 771 2914 vertice
791 2855 904 2914 crinem

125 2932 285 2994 abstulerat
307 2935 464 3014 Stygioque
482 2944 568 3014 eaput
590 2937 777 2997 damnaverat
798 2935 886 2997 Oreo.

125 3032 196 3094 ergo
218 3017 273 3077 Iris
295 3019 408 3078 croceis
428 3035 483 3096 per
505 3019 619 3080 oaelum
638 3020 755 3081 roseida
771 3021 882 3097 pinnis,

124 3099 203 3162 mille
219 3100 340 3162 trahens
361 3098 457 3162 uarios
479 3102 602 3164 aduerso
620 3103 682 3164 sole
705 3101 833 3172 colores,

122 3182 252 3257 devolat,
273 3196 302 3246 et
318 3203 407 3264 supra
428 3194 516 3265 eaput
535 3188 631 3248 astitit.
677 3187 772 3248 ‘hune
795 3203 850 3265 ego
870 3186 928 3249 Diti

122 3285 239 3330 snorum
257 3271 335 3331 iussa
356 3271 434 3341 lero,
457 3279 546 3349 teque
565 3271 620 3331 isto
639 3288 765 3350 oorpore
786 3269 890 3340 solro',

121 3353 164 3413 sic
184 3354 224 3412 ait
244 3364 272 3413 et
293 3354 395 3429 dextra
412 3356 523 3416 crinem
542 3362 636 3416 seoat:
659 3356 753 3416 omnis
776 3363 804 3415 et
825 3373 883 3415 una

121 3433 250 3513 dilapsus
267 3435 362 3507 calor,
384 3447 471 3518 atque
492 3439 522 3498 iu
544 3447 646 3500 ventos
668 3440 725 3498 vita
748 3439 878 3499 recessit.
