2512 4096
266 243 296 289 P.
314 241 456 289 VERGILI
477 240 632 290 mattorus
654 240 843 292 unanimo.
985 243 1061 293 xvn

55 406 84 460 in
108 398 232 458 bucolico
253 415 352 475 genere
370 399 460 456 rivalis
485 406 565 472 poeta
585 407 613 455 et
637 402 666 456 in
691 401 741 457 hac
761 401 855 475 ecloga
871 399 906 472 (v.
925 399 975 473 11)
991 409 1018 458 et
1033 403 1061 458 ln

56 486 170 558 septima
190 502 214 540 r.
231 483 270 540 22
285 500 346 556 sqq.
367 483 507 547 vellicatur
528 482 652 554 Codrus,
682 499 761 558 quem
781 485 885 540 etiamsi
899 484 1009 556 Valgius
1034 485 1062 540 in

57 568 151 642 elegiis
166 565 264 623 Cinnae
279 575 306 624 et
320 567 472 623 hemodoco
488 567 711 640 aequiparaverit,
727 567 860 641 Vergilius
876 576 964 624 tamen
980 572 1061 640 *pro-

57 652 124 706 xima
144 649 246 707 Phoebi
266 650 386 706 versibus
406 649 512 706 lacere'
534 666 633 707 meram
653 667 702 724 per
720 652 833 707 ironiam
849 651 985 708 concedit:
1009 651 1062 707 tale

55 735 126 790 enim
141 732 221 790 Codri
237 735 437 806 amicorumque
451 735 508 789 cius
522 734 650 790 iudicium
665 742 731 796 erat,
746 735 804 808 ipse
819 734 953 791 ‘crescens
968 742 1062 808 poetas

55 818 144 890 iurgia
165 827 192 873 et
212 816 311 872 fastum
326 826 354 874 et
374 816 498 873 invidiam
513 819 664 892 arrogantis
684 818 800 873 hominis
815 817 922 874 videtur
937 817 1062 892 expertu'

55 917 116 957 esse
126 895 157 971 ¹).
188 917 255 975 ergo
270 902 378 957 minime
392 899 467 956 solus
482 908 528 956 aut
548 903 650 973 primus
666 900 791 957 Sicelidas
807 918 895 958 musas
916 905 944 957 iu
960 901 1062 957 Latium

55 983 209 1046 transtulit,
225 983 273 1040 sed
287 985 396 1059 ingenio
409 991 437 1040 et
452 993 509 1041 arte
523 984 679 1041 antecelluit
695 983 891 1057 ‘Euphorionis
908 985 1061 1041 cantores'.

55 1068 194 1124 Anserem
210 1083 328 1123 amorum
343 1076 451 1140 poetam
466 1067 498 1122 ab
510 1067 602 1123 Ovidio
619 1070 688 1123 trist.
702 1068 723 1122 ll
738 1067 799 1124 435
814 1071 889 1124 iuxta
904 1085 964 1125 cum
980 1069 1062 1124 Cinna

56 1160 85 1207 et
100 1149 243 1206 Cornificio
264 1158 291 1206 et
305 1150 406 1207 Catone
426 1150 561 1207 laudatum
581 1168 629 1206 cur
649 1153 677 1206 in
700 1151 763 1207 odio
784 1151 906 1207 habuerit
927 1153 968 1208 vel
988 1153 1062 1224 parvi

57 1234 251 1295 aestimaverit,
266 1235 338 1289 utin
353 1233 403 1290 ecl.
419 1233 453 1288 lll
468 1234 507 1291 36
523 1235 643 1306 quamvis
658 1233 767 1308 oblique
783 1242 920 1308 tangeret,
937 1234 1061 1290 traditum

57 1332 114 1372 non
129 1322 180 1387 est.
216 1315 263 1370 sed
285 1316 330 1371 ille
344 1333 405 1372 cum
423 1317 451 1372 in
467 1316 500 1371 ll.
516 1318 625 1374 Antonii
645 1318 770 1373 llutinam
786 1334 878 1374 mense
893 1319 987 1376 Martio
1002 1320 1063 1374 enni

59 1400 120 1457 711
137 1400 320 1473 oppugnantis
332 1401 444 1455 cohorte
456 1402 565 1473 eiusque
579 1417 623 1456 res
638 1410 728 1475 gestas
744 1411 867 1474 poemate
878 1402 1062 1477 descripturus

58 1482 153 1554 inerit,
176 1481 292 1539 sortasse
307 1491 388 1557 poeta
402 1490 495 1538 noster
515 1491 571 1538 tum
588 1486 716 1557 temporis
732 1501 747 1540 a
761 1494 870 1541 senatus
886 1495 913 1542 et
929 1486 1063 1542 Octaviani

57 1565 180 1641 partibus
201 1568 286 1622 stetit.
324 1573 444 1623 ceterum
459 1582 554 1622 vereor
575 1584 608 1623 ue
624 1567 695 1624 dono
711 1585 819 1641 quoque
834 1571 891 1643 agri
912 1569 1017 1626 interni
1031 1569 1062 1624 ab

58 1651 176 1706 Antonio
192 1651 294 1723 accepti
309 1658 398 1706 ratum
413 1652 516 1706 animos
530 1649 575 1706 ille
590 1645 772 1720 irritaverit²l

57 1829 157 1891 nificii,
175 1845 229 1881 non
247 1830 328 1881 Bavii
346 1835 395 1879 aut
416 1831 519 1880 linarii
537 1831 659 1894 (Servius
677 1831 713 1880 ad
731 1847 774 1896 ge.
792 1833 806 1881 I
824 1832 882 1896 210)
902 1847 963 1882 eese
981 1833 1061 1882 versi·

56 1897 155 1948 culum.
192 1902 337 1962 praeterea
354 1897 417 1948 vide
436 1899 559 1963 prolegg.
578 1914 604 1963 p.
622 1901 637 1946 2
656 1913 697 1964 eq.

127 1963 147 2029 ¹)
166 1965 283 2016 ‘Codrus
301 1972 379 2028 poeta
402 1967 511 2015 eiusdem
532 1967 653 2029 temporie
672 1967 735 2028 fuit,
756 1973 784 2015 ut
805 1967 910 2028 Vulpiua
931 1968 957 2014 in
979 1967 1066 2028 elepiis

56 2033 111 2082 auia
126 2031 224 2094 refert’
244 2031 357 2082 Servius
374 2031 409 2081 ad
426 2032 479 2082 ecl.
497 2033 551 2082 VIl
568 2035 610 2080 22.
629 2034 757 2082 ‘similiter
774 2039 856 2081 nutem
874 2033 938 2080 hune
958 2032 1065 2080 Codrum

56 2100 84 2149 in
101 2100 188 2163 elepila
210 2098 314 2163 Vulpiue
330 2099 467 2161 honorifice
484 2101 598 2163 appellnt
615 2107 640 2148 et
658 2102 766 2162 quadum
783 2104 808 2147 tn
820 2102 908 2162 eclopa
925 2100 957 2147 rie
969 2111 999 2148 ao
1016 2098 1066 2146 ait:

208 2165 354 2232 Codruaque
371 2167 414 2215 itte
431 2167 500 2215 canit
518 2167 587 2230 puali
604 2172 629 2214 tu
646 2180 706 2214 uoce
724 2165 835 2214 canebas

260 2240 335 2298 atque
352 2233 417 2282 rotet
435 2247 550 2281 nurneros
567 2233 666 2292 dicere,
686 2231 779 2288 Cinna,
799 2238 863 2288 tuoe,

210 2300 309 2350 dulcior
325 2305 353 2348 ut
370 2314 500 2362 memqunm
517 2299 590 2363 Pylio
606 2298 762 2361 profluxerit
778 2314 824 2349 ore

261 2365 380 2416 Nestoris
397 2372 441 2414 aut
458 2367 532 2415 docto
547 2373 654 2429 pectore
671 2366 811 2416 Demodoci
816 2369 825 2395 '

59 2450 83 2486 e.
103 2449 128 2500 q.
147 2449 169 2484 a.
189 2431 274 2485 schol.
292 2435 391 2485 Veron.
410 2432 444 2482 ad
467 2431 486 2481 l.
510 2431 529 2480 l.
553 2448 615 2482 nam
633 2433 674 2483 sic
692 2433 721 2481 iu
739 2434 892 2484 Veronensi
910 2433 1003 2484 codice
1023 2449 1065 2483 ex·

58 2507 121 2553 tare
139 2515 227 2566 nuper
248 2501 277 2550 in
299 2499 478 2551 Fleckeiseni
496 2498 642 2550 annalibus
661 2515 684 2548 a.
705 2500 770 2550 1866
789 2517 815 2566 p.
835 2503 867 2550 66
881 2505 1006 2565 'testatus
1023 2506 1066 2550 eet

58 2569 251 2620 Buechelerns.
286 2567 463 2618 ariolationes
486 2566 623 2617 hominum
635 2566 776 2618 doctorum
793 2569 929 2618 refutavit
940 2569 1067 2634 Ungerus

61 2634 107 2700 (de
122 2635 151 2686 0.
163 2633 257 2699 Valgii
268 2633 330 2686 Rufi
343 2634 477 2699 poematia
490 2650 515 2698 p.
528 2636 560 2683 66
573 2634 658 2699 sqq.):
672 2635 743 2699 quod
756 2640 848 2686 tamen
860 2636 919 2698 ipse
932 2636 1066 2685 Graecum

60 2702 149 2754 iuiaee
172 2706 281 2766 poetam
304 2701 448 2752 contendit
475 2716 525 2751 nec
552 2703 684 2766 probatur
704 2702 797 2768 Valgii
820 2703 1017 2768 epigrammate
1040 2705 1068 2751 et

61 2768 200 2821 refellitur
216 2769 309 2820 verbis
326 2768 451 2833 Vergilii.

127 2835 147 2894 ²)
165 2837 271 2886 ‘adunit
286 2838 323 2886 ad
339 2837 463 2886 rimarem
481 2837 604 2900 quandam
622 2836 729 2886 Antonii
744 2844 858 2899 poetata,
883 2839 927 2901 qui
943 2838 997 2886 eius
1014 2839 1067 2885 tau·

59 2903 262 2962 muraneum,
285 2919 356 2968 quem
377 2904 408 2954 oh
430 2904 477 2953 hoc
498 2918 548 2966 per
571 2906 703 2952 transitum
724 2907 831 2967 curpett.
868 2906 899 2954 de
923 2905 969 2953 hoc
992 2905 1068 2953 etiam

60 2971 156 3022 Cicero
169 2972 196 3019 in
212 2970 363 3034 Philippicis
382 2971 461 3032 (XIII
473 2971 501 3031 6,
517 2968 558 3031 11)
578 2971 654 3019 dicit:
673 2975 736 3019 “ex
754 2987 816 3034 apro
829 2971 941 3022 Falerno
954 2970 1069 3021 Anseres

60 3039 253 3102 depelluntur.’'
288 3038 367 3100 iprum
390 3038 453 3086 enim
475 3053 562 3102 aprum
583 3038 608 3087 ei
630 3040 770 3088 donauerat
793 3039 933 3088 Antonius’
959 3038 1068 3088 Servius

60 3105 97 3156 ad
115 3102 164 3153 ocl.
176 3103 216 3153 IX
234 3105 275 3166 36,
295 3103 332 3156 ci.
350 3103 464 3168 glossar.
483 3103 579 3154 Barth.
597 3119 623 3167 p.
642 3107 692 3154 373
710 3106 743 3154 L.
778 3121 833 3154 non
851 3105 964 3154 multum
982 3106 1069 3155 tribu·

61 3173 130 3224 erim
147 3170 204 3221 his:
223 3171 343 3235 ‘Thyrsis
354 3173 470 3237 oero'qui
480 3173 588 3222 uincitur
604 3170 653 3220 Vir
673 3173 708 3221 'lii
724 3172 892 3230 obtrectator,
910 3174 1007 3221 seilicet
1024 3181 1070 3223 aut

59 3239 220 3291 Bauiusuut
237 3239 324 3290 Anser
341 3246 385 3288 aut
403 3238 519 3290 Maeuius
537 3188 797 3303 [pessier'poeraet
816 3254 885 3303 quae
905 3239 1017 3288 Servius
1035 3239 1070 3289 ad

61 3306 114 3359 ecl.
138 3305 192 3358 VII
213 3308 245 3356 at
269 3305 421 3361 adnotavit.
468 3307 598 3372 graviora
621 3305 719 3356 Cicero
741 3306 760 3356 l.
782 3305 800 3359 l.
829 3309 917 3371 ‘eique
940 3308 983 3370 pui
1003 3321 1069 3356 nuno

61 3375 188 3426 Mutinam
205 3382 365 3439 oppupnunt,
379 3377 422 3425 ·D.
443 3373 551 3426 Bruttium
568 3374 695 3430 obsident,
714 3375 746 3424 de
764 3374 874 3424 Falerno
894 3374 1008 3422 Anseres
1026 3375 1069 3423 de·

58 3444 208 3507 pellantur?
242 3441 358 3508 Vergilii
381 3442 471 3493 locum
496 3442 608 3494 dubium
625 3455 680 3489 non
699 3444 741 3489 est
763 3442 829 3505 quin
852 3440 983 3503 respiciat
1003 3440 1070 3490 Pro-

62 3508 168 3576 pertius
189 3510 220 3558 iu
236 3509 327 3573 elegia
349 3509 397 3559 illa
414 3509 457 3562 III
477 3509 528 3567 (Ill
548 3511 595 3568 24,
617 3507 664 3557 ubi
682 3512 743 3571 post
761 3522 786 3558 v.
804 3509 836 3557 66
858 3508 931 3556 hunc
950 3505 1072 3557 ordinem

113 3607 277 3652 urrunnu,
295 3607 411 3646 vanarn.
846 3593 867 3650 b
