2512 4096
119 224 180 287 268
453 230 595 279 vnnemr
610 231 735 279 suusrs
754 232 789 277 rx

118 409 171 452 rex
193 390 271 449 idem
292 396 323 450 et
342 388 407 465 regi
429 386 531 447 Turno
550 387 732 464 gratissimus
752 405 856 465 augur,

119 474 171 535 sed
194 489 254 532 non
276 472 399 548 augurio
420 471 516 550 potuit
536 469 683 548 depellere
707 478 829 550 pestem.

118 557 170 617 tris
191 557 269 617 iuxta
288 554 413 616 famulos
431 564 544 615 temere
566 555 641 614 inter
660 555 717 615 tela
738 557 859 615 iacentis

118 641 357 716 armigerumque
374 638 459 699 Remi
480 639 588 716 premit
608 641 799 717 aurigamque
820 639 875 698 sub
898 639 970 717 ipsis
1079 647 1141 706 ,aso

118 729 242 784 nanctus
263 723 346 802 equis
367 721 507 801 ferroque
529 727 608 782 secat
628 723 787 800 pendentia
809 721 897 791 eolle;

118 815 180 868 tum
201 814 289 886 caput
308 807 364 885 ipsi
386 805 482 868 aufert
502 806 620 865 domino
643 813 839 884 truncumque
860 805 1001 883 relinquit

120 891 260 970 sanguine
280 889 501 968 singultantem
525 897 588 948 atro
610 891 754 967 tepefacta
776 907 882 950 cruore

119 981 198 1035 terra
215 975 332 1052 torique
352 973 480 1034 madent.
515 991 571 1034 nec
591 990 650 1033 non
672 974 889 1054 Lamyrumque
907 974 1097 1052 Lamumque

119 1068 148 1120 et
168 1060 304 1120 iuvenem
325 1057 497 1127 Serranum,
520 1055 569 1117 illa
589 1058 641 1135 qui
662 1057 789 1136 plurima
811 1065 897 1118 noete
1087 1065 1141 1116 335

119 1141 239 1214 luserat,
262 1142 383 1220 insignis
404 1142 488 1211 facie,
512 1137 662 1219 multoque
684 1140 797 1202 iacebat

119 1224 252 1287 membra
274 1227 329 1286 deo
346 1227 457 1286 victus:
480 1223 558 1295 felix,
581 1226 605 1284 si
625 1227 760 1303 protinus
779 1225 863 1285 illum

119 1315 272 1387 aequasset
292 1310 371 1370 noeti
392 1308 495 1371 ludum
517 1311 548 1369 in
570 1308 727 1389 lucemque
749 1308 870 1370 tulisset.

118 1393 251 1469 inpastus
271 1410 326 1453 ceu
347 1392 433 1469 plena
455 1393 501 1455 leo
524 1411 577 1470 per
600 1392 684 1453 ovilia
703 1392 828 1454 turbans

120 1475 232 1552 (suadet
254 1477 331 1535 enim
351 1494 472 1536 vaesana
493 1477 592 1555 sames)
615 1477 785 1555 mandltque
806 1476 954 1553 trahitque
1089 1482 1143 1532 340

120 1557 207 1618 molle
226 1576 316 1635 pecus
339 1566 513 1638 mutumque
534 1568 624 1629 melu,
647 1561 746 1621 fremit
770 1579 822 1622 ore
845 1567 985 1620 cruento:

119 1659 176 1703 nec
192 1643 289 1702 minor
309 1641 427 1720 Euryali
449 1642 569 1710 ceedes;
588 1645 724 1703 incensus
746 1651 776 1704 et
796 1646 858 1722 ipse

121 1724 247 1804 perfurit
267 1742 302 1786 ac
323 1723 444 1785 multam
464 1726 494 1785 in
515 1724 613 1785 medio
635 1728 699 1786 sine
720 1729 839 1787 nomine
860 1727 988 1804 plebem,

119 1807 290 1886 Fadumque
312 1807 537 1886 Herbesumque
557 1808 636 1869 subit
655 1809 861 1889 Rhoetumque
882 1809 1076 1886 Abarimque,

118 1893 248 1971 ignaros,
271 1891 416 1953 Rhoetum
435 1891 603 1972 vigilantem
624 1902 653 1954 et
676 1901 780 1955 cuncta
801 1893 958 1960 ridentem,
1090 1903 1144 1952 345

120 1976 172 2037 sed
193 1994 333 2055 magnum
354 1982 488 2038 metuens
505 1995 538 2039 se
559 1984 626 2055 post
648 1984 763 2039 cratera
779 1976 911 2055 tegebat3

120 2066 242 2139 pectore
263 2062 293 2121 in
315 2061 438 2122 adverso
457 2067 552 2123 totum
574 2064 623 2122 cui
642 2063 807 2122 comminus
830 2078 928 2122 ensem

122 2145 252 2206 condidit
273 2146 443 2222 adsurgenti
465 2153 494 2206 et
516 2145 606 2206 multa
627 2154 722 2219 morte
743 2146 864 2224 recepit.

121 2246 303 2307 purpuream
325 2231 416 2289 vomit
438 2228 486 2290 ille
509 2233 635 2290 animam
657 2238 687 2292 et
707 2249 776 2290 curn
795 2230 936 2307 sanguine
958 2229 1047 2287 mixta

122 2313 188 2373 vina
208 2313 301 2374 relert
322 2316 468 2382 moriens;
491 2315 539 2374 hic
562 2315 641 2374 furto
662 2314 792 2374 fervidus
814 2314 910 2373 instat.
1090 2321 1146 2373 eoo

122 2397 238 2476 iamque
262 2398 297 2457 ad
320 2397 445 2476 Messapi
468 2400 564 2458 socios
584 2397 739 2464 tendebat;
761 2397 803 2457 lbi
824 2399 922 2473 iguem

122 2478 249 2541 deiicere
272 2489 436 2542 extremum
459 2489 489 2542 et
510 2479 649 2557 religatos
670 2480 726 2541 rite
746 2479 863 2541 videbat

123 2580 246 2643 carpere
266 2582 388 2644 gramen
411 2581 518 2641 equos:
542 2562 671 2624 breviter
694 2582 761 2624 cum
785 2563 852 2623 talia
873 2562 959 2623 Nisus

123 2648 224 2726 (sensit
245 2649 327 2709 enim
345 2648 435 2707 nimia
458 2647 548 2708 eaede
567 2653 656 2723 atque
679 2647 816 2725 cupidine
839 2647 919 2726 ferri)

123 2730 326 2791 ‘absistamus'
349 2732 397 2799 ait,
416 2739 499 2790 ‘nam
519 2727 570 2789 lux
591 2731 709 2791 inimica
729 2732 917 2809 propinquat.
1091 2742 1144 2790 355

122 2831 285 2892 poenarum
309 2814 482 2876 exhaustum
504 2815 574 2875 satis
595 2822 647 2882 est,
670 2815 717 2874 ria
736 2814 812 2875 faeta
831 2831 885 2891 per
907 2814 1017 2875 hostis!

123 2897 214 2960 multa
236 2900 331 2960 virum
353 2897 447 2960 solido
467 2905 591 2976 argento
611 2898 744 2978 perlecta
764 2896 914 2959 relincunt

112 3001 264 3063 armaque
288 2992 477 3061 craterasque
500 2981 586 3043 simul
606 2981 807 3062 pulchrosque
829 2989 950 3059 tapetas.

122 3067 266 3146 Euryalus
289 3069 425 3145 phaleras
444 3067 615 3128 Rhanmetis
637 3074 666 3128 et
686 3085 774 3128 aurea
798 3065 884 3126 bullis

125 3151 251 3229 cingula,
273 3152 388 3214 Tiburti
410 3151 534 3212 Remulo
557 3152 714 3212 ditissimus
736 3149 806 3209 olim
1090 3159 1145 3211 360

125 3254 200 3316 quae
220 3238 307 3297 mittit
332 3238 408 3297 dona
429 3234 556 3311 hospitio
578 3250 646 3295 oum
667 3235 802 3309 iungeret
821 3232 926 3292 absens

125 3320 266 3382 Caedicus
289 3319 347 3399 (ille
368 3337 422 3379 suo
441 3319 573 3377 morlens
596 3316 646 3376 dat
665 3315 776 3376 habere
796 3316 915 3394 nepoti),

125 3404 206 3486 [post
227 3410 353 3465 mortem
375 3400 453 3462 bello
472 3398 568 3460 Rutuli
588 3415 746 3478 pugnaque
768 3399 865 3480 potiti]

125 3489 198 3549 haec
219 3489 295 3565 rapit
316 3496 403 3567 atque
424 3484 537 3546 umeris
557 3485 737 3563 nequiquam
759 3482 884 3545 fortibus
905 3491 990 3563 aptat.
