2512 4096
120 275 163 334 26
422 283 563 330 venornr
586 283 788 331 aaoneroos
811 284 821 327 1

123 448 327 516 terrarumque
348 437 419 497 selis
440 455 555 506 curam,
578 444 608 496 et
628 444 657 496 te
679 453 832 497 maxumus
854 435 937 496 orbis

123 528 272 583 auctorem
295 521 412 598 frugum
433 526 696 599 tempestatumque
716 527 866 598 potentem

122 605 246 682 accipiat
268 605 386 682 cingens
407 612 538 664 materna
560 612 694 681 tempora
715 610 820 682 myrto,

123 705 161 748 an
183 688 254 747 deus
276 688 408 748 immensi
428 689 527 748 venias
548 687 638 747 maris
660 704 694 746 ac
716 694 765 745 tua
787 691 892 745 nautae

122 771 241 831 numina
264 769 324 831 sola
347 769 458 841 colant,
480 771 533 830 tihi
554 770 660 830 serviat
679 769 781 828 rdtima
802 767 893 846 Thyle

122 860 211 932 teque
232 852 286 914 sihi
308 871 449 931 generum
470 854 578 932 Tethys
599 861 677 913 emat
698 852 833 912 omnihus
853 850 951 919 undis,

122 954 198 996 anne
219 954 324 996 novom
345 937 436 996 tardis
457 938 537 997 sidus
557 945 587 997 te
609 935 758 998 mensibus
779 934 876 1003 addas,

124 1038 181 1097 qua
202 1019 284 1080 locus
304 1019 453 1097 Erigonen
474 1021 549 1080 inter
571 1018 728 1097 chelasque
749 1018 897 1097 sequentis

122 1102 259 1180 panditur
282 1100 360 1180 (ipse
381 1103 433 1162 tihi
446 1104 512 1162 iam
532 1102 670 1163 bracchia
693 1102 838 1162 contrahit
857 1099 967 1160 ardens

125 1185 263 1264 Scorpius
286 1195 315 1245 et
336 1185 408 1246 caeli
429 1187 503 1246 iusta
524 1185 590 1264 plus
610 1194 694 1262 parte
715 1184 865 1264 relinquit)
891 1216 928 1226 —

122 1269 261 1347 quidquid
285 1270 342 1329 eris
364 1267 448 1348 (nam
468 1277 498 1329 te
519 1287 574 1330 neo
595 1275 715 1346 sperant
735 1268 856 1329 Tartara
877 1283 983 1343 regem

123 1368 179 1411 nec
199 1350 252 1411 tihi
273 1354 414 1429 regnandi
435 1355 530 1413 veniat
550 1359 610 1412 tam
632 1352 694 1412 dira
716 1351 830 1428 cupido,

123 1435 254 1511 quamvis
275 1433 386 1512 Elysios
407 1437 531 1497 miretur
552 1435 674 1495 Graecia
696 1451 814 1513 campos

122 1533 178 1576 nec
199 1518 321 1594 repetita
343 1520 425 1597 sequi
447 1527 530 1579 curet
549 1518 723 1595 Proserpina
744 1515 895 1595 matrem),

123 1598 160 1659 da
182 1599 297 1660 facilem
319 1618 438 1661 cursum
459 1610 546 1680 atque
567 1600 725 1662 audacibus
747 1601 842 1661 adnue
864 1607 987 1676 coeptus,

122 1683 298 1760 ignarosque
320 1685 382 1743 viae
403 1702 519 1744 mecum
540 1686 692 1745 miseratus
713 1685 835 1763 agrestis

122 1765 279 1841 ingredere
301 1774 330 1825 et
352 1767 423 1825 votis
444 1767 501 1826 iam
521 1783 601 1826 nunc
622 1767 762 1828 adsuesce
783 1767 890 1827 vocari.

164 1848 239 1909 Vere
260 1866 335 1909 novo
357 1848 469 1927 gelidus
491 1851 569 1910 canis
591 1868 658 1910 cum
678 1849 825 1911 montibus
845 1865 932 1910 umor

118 1932 242 2010 liquitur
265 1939 294 1993 et
314 1932 440 2012 zephyro
462 1934 555 2010 putris
576 1951 608 1993 se
629 1932 731 2011 glaeba
752 1933 880 2002 resolvit,

123 2014 261 2093 depresso
282 2016 401 2095 incipiat
421 2017 478 2076 iam
498 2022 562 2076 tum
582 2016 654 2076 mihi
673 2022 777 2078 taurus
797 2021 894 2077 aratro

120 2097 285 2174 ingemere,
309 2108 338 2160 et
358 2099 439 2160 sulco
460 2101 574 2160 attritus
595 2098 799 2178 splendescere
820 2116 929 2161 vomer.

4 2226 8 2231 .
121 2178 169 2239 illa
191 2198 276 2258 seges
298 2183 416 2244 demum
436 2186 509 2244 votis
530 2183 689 2262 respondet
710 2185 788 2243 avari

122 2262 281 2337 agricolae,
303 2264 348 2324 his
369 2284 444 2344 quae
465 2266 568 2336 solem,
590 2266 635 2327 his
657 2267 766 2345 frigora
788 2267 893 2334 sensit;

121 2342 197 2404 illius
217 2347 377 2409 immensae
397 2355 542 2428 ruperunt
562 2348 668 2409 horrea
689 2367 810 2411 messes.

121 2437 152 2486 at
172 2429 253 2504 prius
274 2429 405 2506 ignotum
425 2433 505 2491 ferro
527 2449 614 2508 quam
635 2431 794 2493 scindimus
815 2450 934 2511 aequor,

120 2516 223 2569 ventos
245 2517 274 2571 et
294 2512 405 2572 varium
427 2513 498 2574 caeli
519 2513 703 2590 praediscere
724 2533 837 2577 morem

119 2609 192 2653 cura
214 2593 251 2652 sit
272 2611 306 2654 ao
326 2596 435 2672 patrios
456 2595 609 2674 cultusque
631 2596 804 2677 habitusque
824 2599 966 2670 locorum,

122 2682 151 2735 et
173 2676 242 2754 quid
264 2694 396 2756 quaeque
417 2677 492 2739 ierat
511 2681 593 2757 regio
616 2687 645 2740 et
667 2682 735 2760 quid
758 2700 890 2763 quaeque
911 2692 1040 2747 recuset.

83 2788 85 2793 ·
120 2758 169 2818 hic
191 2765 318 2836 segetes,
340 2759 381 2819 illi
401 2763 519 2822 veniunt
539 2762 651 2824 felicius
672 2782 754 2835 uvae,

121 2841 239 2903 arhorei
261 2842 336 2904 fetus
358 2842 426 2904 alibi
461 2851 547 2924 atque
567 2848 675 2908 iniussa
696 2850 845 2909 virescunt

120 2927 262 3002 gramina.
299 2943 396 2987 nonne
417 2928 496 2989 rides
517 2948 637 2992 croceos
657 2937 690 2991 ut
700 2931 820 2992 Tmolus
841 2933 956 3002 odores,

119 3005 201 3067 lndia
222 3008 309 3069 mittit
331 3009 418 3081 ebur,
439 3009 541 3073 molles
563 3030 615 3074 sua
636 3019 703 3073 tura
724 3015 837 3086 Sabaei,

119 3098 149 3150 at
171 3089 312 3170 Chalybes
333 3092 404 3153 nudi
424 3095 551 3165 ferrum,
572 3097 727 3175 virosaque
747 3098 857 3160 Pontus

121 3181 266 3243 castorea,
288 3173 421 3236 Eliadum
441 3176 553 3255 palmas
574 3178 679 3257 Epiros
701 3184 861 3260 equarum?

120 3257 257 3317 continuo
279 3256 332 3318 has
353 3258 432 3337 leges
444 3266 622 3340 aeternaque
643 3261 762 3325 foedera
784 3266 871 3326 certis

118 3339 256 3416 imposuit
277 3347 381 3402 natura
401 3341 489 3412 locis,
512 3360 570 3422 quo
590 3351 723 3423 tempore
743 3350 869 3426 primum

119 3421 278 3483 Deucalion
300 3442 420 3485 vacuom
440 3424 551 3504 lapides
570 3427 687 3490 iactavit
707 3432 736 3490 in
758 3431 870 3502 orbem,

120 3506 198 3566 unde
219 3505 351 3568 homines
372 3509 446 3578 nati,
470 3508 576 3570 durum
598 3530 698 3590 genus.
737 3532 807 3591 ergo
829 3533 896 3593 age,
918 3523 1017 3579 terrae
