2512 4096
462 255 748 304 vmnslnrsuuuls
763 258 801 305 xi

121 421 252 474 ‘suntme
273 411 373 485 deum,
395 412 488 474 sancti
510 419 609 475 custos
630 411 759 472 Soractis
780 411 893 493 Apollo,

121 512 210 576 quem
231 497 319 574 primi
340 495 471 569 colimus,
495 497 565 576 quoi
587 495 692 574 pineus
712 495 801 558 ardor
823 515 930 559 acervo

121 581 252 660 pascitur
274 587 303 642 et
322 581 453 646 medium
475 580 543 647 freti
565 581 673 658 pietate
694 598 749 657 per
770 581 869 658 ignem

121 663 252 726 cultores
275 664 367 725 multa
386 666 548 743 premimus
567 664 685 740 vestigia
705 682 809 750 pruuq,

121 748 167 818 da,
186 755 280 827 pater,
302 749 360 810 hoc
380 749 489 813 ansuis
509 746 622 813 aboleri
644 747 772 813 dedecus
793 750 892 819 armis,

121 833 316 910 omnipotens.
348 850 409 894 non
429 833 545 901 murias
567 831 704 911 pulsaeve
722 840 877 912 tropaeum

122 917 242 995 virginis
263 923 315 978 aut
334 915 426 995 spolie
445 915 504 979 ulla
525 923 593 994 pelo
618 914 698 996 (mibi
717 924 815 981 cetera
836 916 953 981 laudem

122 1001 199 1061 lacta
221 999 341 1080 ferenti:
364 1001 438 1066 haec
458 1001 523 1065 dira
545 1018 611 1065 rnen
634 1000 703 1061 dum
725 1000 844 1065 volnere
864 1003 955 1081 pestis

120 1084 206 1164 pulsa
229 1085 321 1156 cadat,
344 1087 453 1164 patries
473 1085 614 1149 remeabo
638 1085 779 1164 inglorius
801 1086 912 1149 urbes!

122 1167 215 1228 audiit
233 1174 262 1228 et
280 1169 340 1229 voti
359 1168 498 1234 Phoebus
520 1169 680 1234 succedere
701 1180 815 1247 partem

121 1257 220 1312 mente
243 1251 331 1322 dedit,
355 1261 468 1331 partem
492 1251 618 1313 volucris
641 1253 778 1330 dispersit
797 1255 827 1314 in
849 1271 953 1315 aures:

121 1342 268 1396 sterneret
283 1342 318 1397 ut
337 1335 432 1396 subita
454 1335 603 1398 turbatam
623 1344 719 1399 morte
740 1335 900 1407 Camillum,

122 1418 224 1481 adnuit
245 1421 355 1489 oranti;
378 1419 518 1483 reducem
540 1426 573 1480 ut
593 1421 687 1498 patrio
711 1419 768 1482 alte
791 1420 911 1490 videret,

121 1519 182 1564 non
205 1502 292 1574 dedit,
312 1506 403 1584 inque
423 1510 509 1566 notos
530 1520 632 1564 vocem
654 1510 769 1566 vertere
786 1503 943 1583 procellae.

122 1603 193 1665 ergo
212 1594 245 1649 ut
267 1589 355 1648 missa
376 1605 466 1651 mauu
487 1588 613 1649 sonitum
638 1587 718 1649 dedit
738 1587 821 1651 basta
842 1606 897 1668 per
919 1606 1014 1658 auras,

122 1677 294 1733 convertere
317 1673 431 1732 animos
452 1672 529 1735 acris
549 1669 710 1749 oculosque
731 1671 826 1738 tulere

127 1755 224 1817 cuncti
245 1755 282 1815 ad
300 1758 432 1833 reginam
448 1753 554 1817 Volsci.
588 1754 661 1817 nibil
673 1756 741 1834 ¹ipso
763 1775 819 1820 nec
840 1775 930 1821 aurae

121 1857 178 1900 nec
200 1840 313 1900 sonitus
333 1857 448 1901 memor
466 1847 516 1900 aut
536 1840 676 1902 venientis
695 1839 732 1901 ab
754 1842 874 1905 aethere
894 1840 953 1910 teli,

121 1923 203 1984 hasta
225 1922 280 1984 sub
304 1931 435 1984 exertam
457 1922 553 1983 donec
574 1922 686 1999 perlate
705 1923 843 2001 papillam

122 2007 215 2066 haesit
233 2007 456 2084 virgineumque
478 2004 536 2066 alte
557 2004 631 2067 bibit
650 2014 715 2067 acta
737 2025 883 2069 cruorem.

123 2096 303 2150 concurrunt
322 2089 456 2167 trepides
479 2088 601 2151 comites
619 2090 826 2168 dominamque
848 2100 982 2153 ruentem

122 2172 295 2250 succipiunt.
328 2172 491 2250 fugitante
513 2171 607 2236 omnis
629 2173 788 2235 exterritus
806 2175 929 2243 Arruns,

122 2256 230 2318 laetitia
249 2258 400 2335 mixtoque
422 2262 512 2325 metu,
535 2271 591 2317 nec
608 2256 667 2319 iarn
685 2255 810 2333 amplius
827 2258 928 2320 bonae

123 2340 246 2402 credere
263 2357 321 2403 nec
341 2338 407 2401 telis
427 2355 587 2402 ocurrere
608 2340 728 2415 virginis
750 2340 847 2403 audet.

124 2443 158 2486 ec
182 2422 261 2485 velut
280 2423 341 2495 ille,
363 2424 553 2501 priusquam
574 2421 631 2483 tole
651 2423 769 2486 inimice
793 2435 965 2504 sequentur,

124 2509 262 2568 continuo
283 2509 313 2568 in
335 2508 443 2568 montis
465 2523 530 2567 sese
552 2508 633 2567 evius
654 2506 765 2567 abdidit
789 2507 862 2571 altos

123 2593 221 2653 occiso
241 2599 360 2670 pastore
382 2589 469 2669 lupus
489 2606 633 2667 magnove
653 2591 788 2663 iuvenco,

123 2677 258 2736 conscius
281 2674 399 2736 audacis
419 2674 496 2742 lecti,
517 2673 700 2754 caudamque
720 2676 888 2741 remulcens

123 2760 247 2822 subiecit
263 2760 438 2839 pavitantem
461 2767 547 2822 utero
567 2757 712 2838 silvasque
732 2762 848 2838 petivit:

122 2844 194 2905 haut
211 2861 298 2905 secus
318 2862 354 2903 ex
376 2841 469 2904 oculis
489 2861 521 2903 se
542 2842 679 2907 turbidus
700 2843 819 2907 abstulit
839 2847 953 2908 Arruns

123 2932 338 3005 contentusque
360 2925 429 3001 luga
450 2924 556 2986 mediis
577 2942 611 2985 se
632 2927 781 2989 inmiscuit
802 2930 900 2991 armis.
1016 2931 1019 2937 '

123 3009 173 3070 illa
191 3025 281 3069 manu
298 3009 428 3068 moriens
448 3006 537 3069 telum
559 3007 657 3078 trabit,
679 3026 745 3071 ossa
766 3011 818 3071 sed
840 3014 916 3072 inter

124 3093 240 3154 ferreus
262 3091 300 3152 ad
322 3099 417 3152 costas
436 3089 495 3160 olto
516 3097 573 3153 stat
594 3089 715 3153 volnere
736 3111 867 3155 mucroz·

123 3175 231 3238 labitur
254 3176 420 3253 exsanguis,
438 3173 579 3237 lubuntur
600 3174 705 3253 frigida
725 3174 784 3238 leto

123 3260 243 3331 lumina,
261 3277 430 3340 purpureus
451 3258 601 3337 quendem
623 3257 704 3321 color
726 3277 778 3322 ora
798 3263 924 3344 reliquit

123 3354 185 3406 turn
203 3344 246 3405 sic
268 3345 404 3422 expirans
421 3344 530 3406 locem
550 3361 584 3405 ex
606 3343 778 3423 aequalibus
799 3365 889 3409 unam

124 3425 292 3508 adloquitur
312 3427 401 3488 fldem
422 3433 490 3488 ante
511 3425 591 3497 alias,
616 3445 691 3507 quse
711 3428 773 3491 sola
792 3429 936 3502 Camillae,

124 3513 243 3591 quicum
265 3510 368 3591 partiri
388 3527 490 3581 curas;
514 3517 603 3592 atque
622 3511 696 3573 haec
716 3514 755 3574 ita
777 3514 869 3578 latur:
