2512 4096
451 307 594 356 VERGILI
607 306 732 357 lurtum
746 309 797 356 ΧΠ

118 455 241 519 aduerso
259 464 407 537 proterret
429 477 517 538 equo:
538 462 598 522 ruit
618 460 666 523 ille
685 460 828 523 recedens

118 547 148 599 et
169 541 259 600 mlser
280 540 419 621 oppositis
443 559 460 602 a
480 548 564 619 tergo
585 542 739 603 involvitur
761 547 820 604 aris

116 636 149 682 m
172 630 259 701 caput
282 625 370 702 inque
391 640 521 685 umeros.
554 631 589 684 at·
604 624 732 686 fervidus
754 626 866 688 advolat
887 627 968 688 haste

118 703 270 783 Messapus
290 705 407 786 teloque
425 713 559 767 orantem
580 706 670 767 multa
692 707 795 768 trabali

117 786 245 865 desuper
267 787 341 849 altus
363 806 438 872 equo
462 789 587 867 graviter
609 789 676 850 ierit
697 798 784 868 atque
805 792 844 852 ita
866 791 958 851 latur:

118 870 191 930 ‘boc
210 870 306 941 babet,
330 870 404 933 baec
424 871 528 932 melior
549 873 661 950 magnis
683 873 749 933 data
771 873 885 934 victima
907 873 1000 933 dlric'

117 962 297 1015 concurrunt
316 953 379 1015 Itali
397 954 579 1034 spoliantque
598 955 720 1017 odeum
740 955 883 1018 membra.

117 1033 220 1097 obrius
241 1036 406 1098 ambustum
430 1046 540 1098 torrem
563 1037 728 1117 Corynaeus
750 1038 787 1099 ob
811 1057 861 1100 ara

116 1119 240 1197 corripit
261 1127 289 1180 et
310 1121 435 1180 venienti
456 1120 555 1181 Ebuso
575 1120 749 1202 plagamque
768 1121 874 1184 ferenti

116 1208 293 1279 occupatos
314 1201 453 1262 flammis:
476 1203 525 1263 olli
545 1205 647 1280 ingens
668 1203 760 1266 barba
780 1205 886 1267 reluxit

116 1283 310 1364 nidoremque
331 1284 464 1345 ambusta
483 1284 571 1345 dedit.
608 1303 696 1365 super
718 1289 781 1366 ipse
801 1296 918 1349 secutus

117 1366 277 1427 caesariem
298 1366 379 1428 laeua
401 1366 510 1428 turbati
532 1369 654 1447 corripit
674 1369 766 1429 hostis

117 1449 309 1528 inpressoque
327 1467 405 1528 genu
424 1452 520 1511 nitens
541 1457 638 1512 terrae
659 1451 785 1530 applicat
805 1453 916 1530 ipsum:

115 1533 160 1592 sic
181 1531 273 1608 rigido
296 1531 371 1594 latus
392 1550 462 1595 ense
481 1534 558 1595 ierit
589 1533 752 1596 Podalirius
773 1534 873 1596 Alsum

115 1620 264 1694 pastorem
282 1617 434 1694 primaque
456 1617 518 1678 acio
539 1634 594 1696 per
613 1617 670 1678 tela
691 1626 836 1687 ruentem,

117 1715 188 1759 ense
206 1714 332 1776 sequens
352 1699 432 1760 nudo
454 1701 693 1778 superimminet:
715 1700 764 1763 ille
787 1704 884 1763 securi

115 1781 229 1842 adversi
248 1781 374 1843 frontem
396 1783 521 1844 mediam
543 1792 732 1861 mentumque
753 1785 874 1845 reducta

115 1864 225 1926 dissicit
247 1872 275 1925 et
293 1882 394 1943 sparso
416 1865 473 1927 late
493 1868 570 1945 rigat
589 1884 671 1928 erma
691 1885 808 1928 cruore.

114 1946 165 2006 olli
187 1947 261 2008 durs
282 1951 364 2026 quies
386 1948 487 2008 oculos
510 1955 539 2008 et
559 1948 673 2011 ferrcus
695 1958 782 2026 urget

116 2047 246 2100 somnus,
270 2032 299 2090 m
321 2037 470 2090 aeternam
492 2031 658 2091 conduntur
680 2031 791 2092 lumina
813 2039 938 2093 noctem.
1069 2041 1121 2093 clo

158 2113 193 2170 tt
211 2113 276 2189 pius
293 2113 406 2172 Aeneas
427 2112 559 2174 dextram
580 2113 717 2174 tendebat
738 2116 880 2174 inermem

115 2194 226 2256 nudato
249 2195 344 2274 capite
362 2200 449 2273 etque
468 2212 536 2266 suos
555 2195 683 2256 elamore
704 2195 840 2257 vocabat:

116 2289 191 2357 ‘quo
209 2278 310 2338 ruitis?
331 2295 440 2356 quaeve
461 2280 515 2339 ista
535 2295 643 2357 repens
665 2278 810 2340 discordia
831 2280 940 2354 surgit?

116 2381 133 2422 o
156 2359 289 2423 cohibete
311 2362 383 2421 iras!
404 2362 496 2422 ictum
513 2362 571 2421 iam
591 2361 694 2422 foedus
714 2371 742 2423 et
763 2379 865 2422 omnes

117 2445 296 2522 compositae
316 2443 413 2523 leges;
435 2444 506 2506 mibi
526 2445 572 2505 ius
595 2462 773 2506 concurrere
790 2444 860 2513 soli;

116 2545 163 2588 me
184 2527 268 2587 sinite
287 2535 376 2605 atque
394 2529 506 2589 auferte
525 2535 632 2595 metus;
656 2545 709 2606 ego
731 2528 851 2590 loedere
873 2528 938 2588 laxo

115 2611 200 2671 firma
217 2626 322 2680 manu;
343 2611 478 2672 Turnum
500 2610 607 2673 debent
628 2610 701 2672 baec
720 2613 778 2673 iam
795 2612 867 2674 mihi
885 2613 987 2673 sacra!

117 2694 169 2754 bas
191 2694 266 2754 inter
286 2712 383 2764 voces,
406 2694 501 2756 media
521 2695 597 2755 inter
618 2693 687 2755 talia
709 2694 798 2756 verba

116 2795 185 2839 ecoe
206 2777 267 2837 viro
288 2778 415 2839 stridens
433 2776 484 2837 alis
507 2777 623 2856 adlapsa
645 2779 749 2854 sagitta
769 2787 813 2840 est

115 2863 261 2919 incertum
282 2878 338 2936 qua
359 2859 443 2937 pulsa
463 2877 561 2935 mauu,
584 2877 642 2939 quo
659 2860 776 2921 turbine
792 2862 901 2930 adacta,

116 2943 183 3019 quis
206 2947 313 3001 unum
332 2939 447 3001 Rutulis
463 2939 589 3010 laudem,
609 2959 732 3002 casusne
754 2944 872 3011 deusne,

116 3023 258 3085 attulerit:
280 3040 383 3102 pressa
401 3029 446 3083 est
462 3023 582 3100 insignis
601 3022 694 3100 glorta
714 3023 792 3091 laeti,

116 3125 171 3167 nee
193 3123 258 3166 sese
278 3106 393 3166 Aeneae
414 3105 527 3165 iactavit
546 3105 666 3167 volnere
688 3107 850 3184 quisquam.

115 3190 233 3249 Turnus
253 3194 286 3249 ut
306 3190 424 3250 Aenean
443 3187 595 3250 cedentem
617 3206 652 3249 ex
674 3189 789 3266 agmine
810 3189 878 3251 vidit

116 3271 307 3350 turbatosque
325 3271 424 3341 duces,
448 3271 543 3333 subita
564 3289 617 3350 spe
639 3271 767 3332 torridus
785 3272 883 3334 ardet:

116 3355 210 3433 poscit
228 3371 319 3433 equos
340 3362 428 3432 etque
449 3353 636 3416 armasimul
657 3354 791 3433 saltuque
812 3357 958 3435 superbus

117 3437 223 3501 emicat
242 3439 273 3498 iu
294 3454 415 3498 currum
436 3445 465 3498 et
480 3437 615 3500 manibus
636 3437 754 3499 molitur
775 3437 914 3503 habenas.

116 3520 207 3583 multa
229 3521 323 3581 uirum
344 3518 466 3580 volitans
487 3520 537 3581 dat
559 3520 644 3582 fortia
666 3539 791 3600 corpora
813 3523 894 3593 Leto,

851 3619 916 3681 22*
