2512 4096
194 258 255 321 328
532 269 673 315 veneror
690 270 814 317 anneis
833 271 870 317 x1

192 425 361 496 ‘imotenus
383 425 460 486 deca
480 442 574 492 soror,
597 426 694 502 potui:
718 443 797 486 nunc
816 425 919 485 volnus
942 428 1095 489 acerbum
1165 427 1170 436 '

196 510 320 580 conficit,
340 517 370 569 et
386 508 517 570 tenebris
538 509 708 586 nigrescunt
729 511 826 570 omnia
849 512 971 570 circum.

194 593 290 672 eliuge
312 593 433 655 ethaeo
452 592 554 654 Turno
577 591 712 652 mandata
736 594 901 654 novissuma
923 596 1046 672 perfer:
1166 603 1213 654 stt

193 675 330 739 succedat
350 694 467 757 pugnae
485 676 687 755 Troianosque
710 684 808 737 arceat
827 675 911 738 urbe.

193 762 310 839 lamque
332 758 414 821 vale!
450 760 537 822 simul
559 760 604 821 his
625 760 710 821 dlctis
730 757 880 840 linquebat
898 761 1043 831 habenas,

195 845 229 908 ad
248 853 360 906 terram
380 862 440 906 non
461 850 567 924 sponte
588 843 692 904 lluens.
725 851 788 904 tum
811 844 916 923 frigida
938 853 1001 906 toto

176 927 333 1007 ‘paulatim
354 926 475 990 exsolvit
495 947 527 989 se
550 944 677 1007 corpore
699 927 836 1006 lentaque
852 927 928 989 colla
1250 974 1252 983 ,

194 1019 222 1074 et
241 1020 362 1092 captum
379 1011 438 1074 leto
460 1012 558 1091 posuit
579 1019 676 1090 caput,
699 1028 781 1072 arma
800 1010 977 1091 relinquont,
1170 1025 1216 1075 855

192 1098 308 1176 vitaque
330 1113 398 1157 cum
419 1097 529 1175 gemitu
551 1095 626 1173 sugit
646 1094 795 1171 indignata
818 1095 872 1157 sub
895 1096 1029 1158 umbras.

192 1189 255 1242 tum
274 1198 345 1241 vero
367 1181 518 1241 inmensus
540 1194 666 1256 surgens
684 1179 752 1240 ierit
771 1197 860 1242 aurea
879 1179 990 1240 clamor

192 1264 302 1326 sidera:
324 1264 437 1326 delecta
458 1263 605 1324 crudescit
626 1280 725 1342 pugna
748 1262 876 1331 Camilla,

192 1349 348 1409 incurrunt
369 1348 452 1408 densi
473 1344 561 1408 simul
582 1348 678 1407 omnis
700 1348 783 1425 copia
802 1346 949 1407 Teucrum

191 1429 395 1511 Tyrrhenique
416 1431 506 1492 duces
529 1429 716 1508 Euandrique
738 1431 866 1490 Arcades
888 1428 960 1491 alae.
1167 1443 1215 1493 835

234 1515 270 1575 tt
291 1513 406 1576 'l’ririae
428 1523 528 1576 custos
548 1513 708 1575 iandudum
728 1516 759 1573 in
780 1513 929 1574 montibus
949 1513 1023 1593 Opis

104 1667 119 1677 ‚
192 1597 249 1659 alta
267 1598 351 1659 sedet
372 1599 495 1659 summis
517 1604 688 1676 spectatque
709 1598 843 1658 interrita
865 1614 989 1676 pugnas.

191 1690 283 1760 utque
303 1679 408 1760 procul
429 1679 527 1743 medio
547 1681 685 1742 iuvenum
707 1682 737 1741 in
756 1679 885 1742 clamore
907 1681 1061 1743 furentum

192 1766 344 1845 prospexit
366 1765 442 1825 tristi
464 1763 623 1826 mulcatum
642 1771 738 1825 morto
761 1763 919 1832 Camillam,

191 1849 391 1929 ingemuitque
413 1847 552 1928 deditque
573 1848 626 1909 has
645 1848 705 1908 imo
722 1855 843 1926 pectore
867 1866 970 1909 voces:
1165 1858 1212 1908 855

193 1933 268 1994 ‘heu
288 1934 421 2007 nimium,
443 1933 535 2012 virgo,
558 1933 682 1993 nimium
705 1932 827 1994 crudele
848 1932 926 1993 luisti

190 2015 376 2098 supplicium,
399 2017 532 2078 Teucros
554 2024 657 2079 conata
679 2017 824 2079 lacessere
845 2016 937 2077 bello!

191 2119 248 2163 nec
270 2100 322 2162 tibi
344 2101 479 2164 desertae
500 2103 531 2161 in
553 2102 650 2164 dumis
671 2100 798 2164 coluisse
819 2102 940 2163 llianam

191 2185 302 2265 proluit
323 2192 374 2246 aut
394 2193 510 2247 nostras
532 2204 636 2248 umero
659 2187 783 2265 gessisse
801 2187 928 2264 sagittas.

192 2277 370 2330 nontamen
391 2270 561 2332 indecorem
578 2278 629 2332 tua
647 2276 677 2331 te
698 2270 801 2349 regina
821 2268 938 2349 reliquit
1161 2277 1210 2328 845

192 2360 323 2414 extrema
344 2354 404 2414 iam
425 2355 456 2415 in
477 2361 582 2425 morte,
602 2372 700 2433 neque
718 2353 776 2414 hoc
794 2355 858 2414 sine
876 2354 994 2414 nomine
1016 2362 1112 2416 tetum

190 2454 245 2515 per
267 2437 362 2514 gentis
384 2438 441 2497 erit
462 2446 512 2499 aut
532 2439 639 2498 lamam
661 2438 781 2515 patieris
801 2438 920 2499 inultae.

190 2537 258 2581 nam
277 2522 454 2600 quicumque
475 2528 559 2583 tuum
583 2519 700 2580 vlolarit
721 2519 840 2581 volnere
862 2538 979 2599 corpus,

76 2646 79 2651 >
190 2613 286 2666 morte
306 2602 368 2665 luet
384 2604 508 2665 merita!
536 2604 591 2664 luit
613 2606 717 2680 ingens
739 2612 839 2665 monte
858 2604 912 2665 sub
936 2605 994 2664 alto

189 2689 268 2766 regis
289 2687 436 2749 Dercenni
458 2694 577 2748 terreno
598 2705 634 2747 ex
653 2703 761 2764 aggere
783 2686 902 2748 bustum
1159 2695 1208 2746 855

165 2845 167 2848 Α
190 2772 302 2849 antiqui
321 2770 475 2831 laurentis
498 2787 649 2850 opacaque
671 2769 737 2831 ilice
761 2776 887 2831 tectum:

58 2848 109 2894 ’“-’·
189 2855 238 2914 hic
258 2854 312 2915 dea
335 2871 367 2914 so
388 2853 517 2931 primum
539 2853 642 2931 rapido
664 2852 875 2932 pulcherruma
897 2857 964 2916 nisu

72 2972 79 2984 .·
91 2968 123 2976 >·-
151 3000 154 3005 ,
190 2939 264 2998 sistit
285 2944 314 2999 et
335 2937 494 2998 Arruntem
515 2936 629 2999 tumulo
652 2936 820 3017 speculatur
839 2938 876 3000 ab
894 2940 961 3000 alto.

190 3028 222 3082 ut
243 3021 314 3082 vidit
334 3020 491 3082 laetantem
513 3022 619 3084 animis
640 3041 675 3085 ac
694 3040 767 3084 vana
787 3030 957 3091 tumentem,

206 3109 273 3166 our'
290 3106 386 3184 lnquit
409 3105 557 3168 ‘diversus
580 3105 661 3168 abiel
681 3108 741 3168 huo
760 3107 861 3184 derige
882 3123 1026 3186 gressum.
1157 3113 1206 3166 855

189 3188 248 3250 huc
267 3189 399 3267 periture
420 3191 496 3261 veni,
520 3192 617 3269 capias
636 3202 670 3252 ut
689 3191 776 3268 digna
797 3190 932 3252 Camillae

189 3273 329 3350 praemia.
361 3280 432 3335 tune
456 3276 544 3336 etiam
567 3273 631 3335 telis
656 3277 783 3336 moriere
805 3272 946 3335 Dianael'

115 3359 116 3362 ’
191 3355 271 3425 dixit,
295 3364 325 3418 et
342 3365 445 3419 aurata
465 3357 616 3419 volucrem
637 3355 793 3417 Thraeissa
815 3355 950 3432 sagittam

190 3439 371 3520 deprompsit
388 3441 528 3520 pharetra
551 3457 704 3520 cornuque
725 3440 838 3500 infensa
863 3440 987 3502 tetendit

190 3530 218 3584 et
238 3524 320 3586 duxit
338 3522 435 3604 longe,
459 3524 554 3586 donec
577 3530 695 3584 curvata
718 3524 832 3585 coirent
1157 3533 1208 3584 880
