2512 4096
121 261 160 322 28
422 273 567 321 vnno1n1
590 272 791 322 anonorcou
814 274 826 321 1

117 426 214 488 laetus
236 444 323 504 ager;
347 425 427 486 nullo
450 433 562 487 tantum
584 445 616 487 se
636 425 726 505 Mysia
749 424 829 487 cultu

118 511 207 571 iactat
229 511 343 588 etipsa
365 528 434 571 suas
454 512 599 571 mirentur
621 509 751 587 Gargara
772 508 911 588 messes]

118 592 192 672 quid
214 592 325 664 dicam,
348 594 424 653 iacto
446 595 497 672 qui
518 594 629 654 semine
652 593 815 652 comminus
836 610 907 652 arva

118 675 285 753 insequitur
323 675 514 755 cumulosque
534 679 595 737 ruit
615 676 691 737 male
713 677 829 754 pinguis
850 675 994 748 harenae,
1094 692 1142 745 105

125 759 232 821 deinde
254 762 323 821 satis
344 761 464 842 flurium
485 760 596 820 inducit
616 761 753 838 rivosque
774 760 925 837 sequentis

119 850 165 914 et,
189 861 256 905 cum
279 850 399 922 exustus
422 861 492 922 ager
514 842 708 904 morientibus
730 849 842 903 aestuat
863 842 979 914 herbis,

119 944 192 989 ecee
214 926 370 1006 supercilio
393 925 493 987 clivosi
513 928 638 988 tramitis
659 927 769 987 undam

119 1008 219 1072 elicit?
240 1009 289 1071 illa
311 1010 420 1070 cadens
441 1028 563 1071 raucum
585 1028 640 1087 per
661 1009 733 1071 levia
755 1026 890 1068 mmmm

120 1112 191 1154 saxa
213 1095 284 1164 ciet,
308 1093 509 1172 scatebrisque
530 1096 641 1154 arentia
663 1098 807 1172 temperat
828 1109 909 1151 arra.
1092 1109 1141 1161 110

120 1177 189 1256 quid
213 1179 276 1256 qui,
299 1194 337 1238 ne
359 1177 485 1256 gravidis
506 1177 682 1254 procumbat
704 1175 818 1236 culmus
839 1176 948 1246 aristis,

118 1261 267 1321 luxuriem
288 1268 422 1339 segetum
443 1267 545 1322 tenera
569 1261 699 1338 depascit
719 1260 749 1318 in
770 1257 874 1327 herba,

121 1361 189 1404 cum
211 1346 339 1421 primum
360 1343 458 1405 sulcos
481 1351 606 1423 aequant
627 1350 703 1412 sata,
727 1343 835 1421 quique
856 1341 974 1419 paludis

121 1426 286 1487 conlectum
308 1444 443 1488 umorem
464 1426 565 1488 bibula
586 1426 705 1487 deducit
726 1425 854 1486 harena?

121 1510 296 1588 pracsertim
318 1510 438 1570 incertis
459 1512 483 1569 si
505 1509 656 1571 mensibus
677 1510 770 1570 amnis
792 1506 948 1568 abundans
1090 1523 1139 1575 115

122 1594 180 1654 exit
202 1600 231 1653 et
253 1591 380 1653 obducto
402 1591 460 1653 1111
481 1600 560 1653 tenet
582 1594 679 1653 omnia
700 1591 779 1661 limo,

121 1676 200 1737 unde
222 1694 309 1736 carae
330 1675 429 1753 tepido
450 1676 558 1737 sudant
577 1694 682 1737 armore
702 1675 840 1736 lacunae·

163 1759 224 1820 Nec
238 1765 353 1828 tamen,
374 1758 448 1818 haee
465 1776 534 1819 cum
550 1761 609 1818 sint
625 1759 835 1837 hominumque
853 1756 1006 1838 boumque
1019 1760 1138 1823 labores

123 1842 264 1903 versando
285 1848 396 1903 terram
419 1844 546 1920 experti,
569 1843 641 1902 nihil
661 1841 804 1923 inprobus
825 1858 912 1902 anser

122 1925 363 2005 Strymoniaeque
385 1943 474 2004 grues
497 1932 526 1986 et
546 1928 654 1986 amaris
675 1924 766 1986 intiba
787 1924 869 1985 fibris
1088 1939 1138 1993 lto

121 2009 253 2070 officiunt
274 2016 325 2070 aut
346 2009 452 2071 umbra
474 2016 570 2071 nocet.
606 2018 692 2089 pater
712 2011 775 2086 ipse
798 2006 912 2083 colendi

121 2092 193 2152 haut
214 2094 329 2154 facilem
352 2111 416 2155 esse
437 2095 513 2154 riam
534 2092 637 2162 voluit,
660 2093 832 2171 primusque
853 2109 906 2169 per
929 2100 1026 2154 artem

120 2177 211 2235 morit
232 2193 328 2253 agros·
341 2179 419 2238 curis
441 2195 550 2240 acuens
571 2175 704 2237 mortalia
726 2175 826 2244 corda,

121 2275 177 2319 nec
197 2264 317 2336 torpere
339 2262 419 2338 gravi
440 2279 544 2339 passus
566 2278 619 2321 sua
639 2277 731 2337 regna
752 2267 881 2318 veterno.

122 2347 189 2402 ante
210 2341 309 2401 lovem
329 2330 402 2402 nulli
423 2342 598 2420 subigebant
618 2360 687 2402 arva
710 2341 819 2410 coloni:
1085 2355 1134 2408 125

122 2441 160 2484 ne
182 2424 298 2502 signare
321 2424 439 2503 quidem
461 2433 511 2485 aut
531 2426 634 2503 partiri
655 2424 746 2486 limite
769 2441 905 2502 campum

122 2507 165 2567 ias
188 2514 265 2568 erat:
293 2507 324 2566 in
346 2508 475 2567 medium
497 2507 691 2586 quaerebant,
714 2509 836 2587 ipsaque
858 2505 945 2569 tellus

122 2591 218 2650 omnia
239 2589 362 2650 liberius
383 2589 463 2649 nullo
483 2598 624 2668 poscente
646 2591 767 2653 serebat.

122 2672 169 2733 illc
191 2672 301 2733 malum
322 2673 402 2732 virus
423 2674 609 2751 serpentibus
631 2675 741 2736 addidit
762 2676 833 2735 atris

122 2756 315 2834 praedarique
336 2754 422 2833 lupos
443 2757 526 2817 iussit
546 2764 727 2838 pontumque
747 2762 859 2820 moveri
1086 2772 1136 2827 13⁰

120 2837 266 2915 mellaque
288 2838 417 2899 decussit
438 2839 513 2899 foliis
551 2842 707 2920 ignemque
728 2843 861 2912 removit,

121 2927 151 2982 ct
171 2922 282 2999 passim
303 2922 371 2981 rivis
393 2923 540 2983 currentia
561 2926 627 2984 vina
649 2926 798 3001 repressit,

120 3010 154 3066 ut
174 3005 270 3064 varias
291 3021 362 3065 usus
384 3005 550 3067 meditando
573 3006 746 3068 extunderet
767 3015 845 3069 artes

120 3085 262 3165 paulatim
284 3094 313 3148 ct
333 3087 422 3149 sulcis
443 3090 583 3149 frumenti
604 3096 759 3167 quaereret
780 3090 912 3152 herbam.

124 3167 173 3252 [ut
193 3169 281 3231 silicis
303 3172 384 3231 venis
405 3172 576 3236 abstrusum
595 3173 754 3234 excuderet
773 3174 896 3254 ignem]
1080 3185 1134 3241 135

121 3260 192 3314 tune
213 3253 295 3314 alnos
316 3257 444 3332 primum
466 3254 546 3314 fluvii
567 3271 689 3316 sensere
711 3265 839 3326 cavatas;

120 3337 216 3398 navita
237 3343 302 3398 tum
322 3336 412 3398 stellis
433 3354 573 3398 numeros
595 3344 624 3398 et
645 3339 762 3399 nomina
786 3340 853 3401 iecit

120 3418 263 3499 pleiadas,
285 3419 409 3500 hyadas,
433 3419 601 3498 claramque
623 3422 765 3501 Lycaonis
787 3430 905 3493 arctam

120 3509 184 3564 turn
204 3502 315 3583 laqueis
337 3510 456 3582 captare
477 3503 555 3565 ieras
577 3510 606 3565 et
626 3505 729 3567 fallere
749 3506 829 3566 visco
