2512 4096
153 269 213 331 854
478 279 619 327 mmmm
635 279 759 327 sermo
776 278 826 327 xn

152 435 215 497 ulis
237 453 269 495 se
291 444 351 495 sata
374 435 465 496 Nocte
488 433 553 497 tulit
574 441 727 512 terrasque
747 433 855 511 petivit
1121 441 1169 498 ado

152 524 307 598 postquam
325 520 401 578 acies
421 518 498 578 videt
520 517 621 578 lliacas
643 523 730 595 atque
749 517 862 592 agmina
884 516 992 585 Turni,

152 599 227 660 alitis
244 601 275 659 in
293 618 400 680 parvae
421 601 546 661 subitam
566 597 703 673 conlecta,
719 600 851 677 liguram,

152 701 226 762 quae
249 684 397 760 quondam
419 685 448 743 iu
470 683 563 744 bustis
585 690 635 742 aut
657 680 830 742 culminibus
851 681 977 743 desertis

151 782 237 827 nocte
259 766 364 828 sedens
385 784 483 828 serum
502 767 581 827 canit
600 766 756 842 inportuna
777 782 830 842 per
847 764 982 835 umbras,

151 849 228 910 hanc
244 867 326 910 versa
347 851 378 910 iu
400 850 504 911 faciem
526 849 619 910 Turni
638 865 669 908 se
689 849 779 926 pestis
800 846 838 907 ol>
860 866 912 909 ora
1121 857 1170 912 888
1191 914 1195 921 ,

151 932 266 1012 fertque
287 932 437 1012 refertque
458 949 566 992 sonans
592 930 786 1014 clupeumque
808 930 963 993 everberat
986 933 1055 996 ulis.

152 1014 201 1076 elli
223 1016 355 1076 membra
374 1033 465 1076 novos
483 1012 567 1076 solvit
585 1014 741 1074 formidine
759 1021 869 1090 torpor,

151 1107 341 1177 arrectaeque
359 1099 485 1159 horrore
507 1115 618 1167 comae,
639 1104 668 1157 et
688 1115 744 1156 vox
766 1096 899 1158 saucibus
922 1098 1029 1160 haesit.

152 1188 180 1242 at
199 1181 303 1259 procul
327 1189 359 1242 ut
379 1181 465 1242 Dirae
487 1180 643 1241 stridorem
664 1179 801 1258 adgnovit
822 1191 851 1240 et
867 1179 936 1250 alas,

152 1264 252 1326 infelix
275 1265 364 1325 crinis
386 1265 491 1326 scindit
511 1265 631 1325 luturna
652 1262 771 1333 solutos,
1118 1274 1170 1326 87⁰

151 1346 299 1424 unguibus
320 1366 372 1408 ora
392 1366 477 1409 soror
498 1347 619 1408 foedans
641 1353 670 1407 et
690 1352 810 1423 pectora
832 1347 950 1425 pugnis:

151 1430 236 1508 ‘quid
259 1448 338 1491 nunc
359 1439 388 1492 te
407 1439 466 1502 tua,
483 1431 592 1500 Turne,
614 1435 710 1508 potest
728 1446 867 1506 germana
887 1430 1009 1492 iuvarel

151 1519 200 1574 aut
221 1512 291 1592 quid
310 1513 368 1573 iam
389 1515 480 1575 durae
498 1521 618 1592 superat
639 1512 728 1573 mihil
751 1531 807 1590 qua
828 1511 880 1572 tibi
898 1511 998 1574 lucem

151 1603 213 1655 arte
234 1597 354 1656 morer?
376 1596 447 1658 talin
469 1614 588 1675 possum
611 1614 658 1657 me
680 1613 832 1674 opponere
853 1597 1008 1656 monstro?
1233 1642 1238 1655 2

150 1680 208 1739 lam
229 1678 286 1738 iam
305 1677 405 1756 linquo
427 1680 514 1740 acies.
541 1696 579 1738 ne
595 1698 643 1740 me
665 1686 773 1739 terrete
792 1680 951 1747 timentem,
1115 1689 1168 1741 878
1236 1736 1239 1741 .

152 1760 296 1822 obscenae
318 1760 467 1822 volucres:
489 1760 602 1821 alarum
623 1761 748 1823 verbera
763 1780 853 1822 nosco

149 1841 324 1922 Ictalemque
343 1862 458 1914 sonum,
481 1863 536 1905 nec
558 1843 662 1905 lallunt
682 1845 760 1904 iussa
782 1843 908 1922 superba

150 1928 327 2005 magnanimi
354 1929 438 1989 lovis.
474 1928 547 1989 haec
568 1946 623 2006 pro
645 1929 809 2006 virginitate
831 1928 963 2005 reponit?

150 2028 207 2089 quo
230 2011 317 2071 vitam
336 2011 415 2072 dedit
435 2011 602 2073 aeternam?
623 2029 677 2072 cur
697 2013 799 2071 mortis
820 2011 983 2089 ademptast

150 2093 301 2154 condicio?
321 2112 439 2173 possem
460 2102 556 2156 tantos
578 2095 663 2156 linire
685 2093 802 2155 dolores
1112 2103 1166 2156 880

149 2193 228 2236 nunc
248 2182 328 2237 certe
350 2185 378 2238 et
400 2180 507 2238 misero
527 2178 611 2239 fratri
632 2196 730 2239 comcs
751 2179 794 2238 ire
812 2195 867 2256 per
884 2175 1021 2238 umbras!

149 2255 364 2338 *[lmmortalis
386 2260 459 2336 egoi
481 2267 532 2321 aut
553 2260 711 2338 quicquam
732 2260 803 2319 mihi
825 2258 910 2320 dulce
931 2277 1073 2322 meorum
1130 2258 1133 2263 '

149 2347 177 2402 te
195 2342 266 2410 sine,
287 2342 384 2414 irater,
405 2343 477 2404 eritl
499 2362 517 2404 o
539 2361 613 2421 quae
631 2344 700 2403 satis
721 2344 779 2403 ima
801 2342 930 2403 dehiscet

148 2429 226 2483 terra
249 2425 320 2484 mihi
340 2428 490 2505 manisque
513 2426 597 2486 deam
619 2426 750 2487 demittet
767 2426 804 2487 ad
824 2415 944 2504 imosl]'

149 2512 260 2567 tantum
283 2509 366 2568 ellata
389 2518 477 2588 caput
497 2508 600 2588 glauco
621 2511 748 2570 contexit
766 2510 874 2570 amictu
1108 2517 1162 2569 888

148 2588 240 2650 multa
263 2606 385 2666 gemens
407 2599 487 2652 etse
509 2591 597 2650 lluvio
620 2592 674 2652 dea
697 2592 827 2652 condidit
848 2590 914 2652 alto.

189 2673 301 2732 Aeneas
321 2674 408 2733 instat
427 2681 529 2734 contra
552 2674 700 2752 telumque
716 2683 851 2735 coruscat

148 2757 251 2832 ingens
269 2755 426 2816 arboreum
449 2764 477 2817 et
495 2773 582 2815 saevo
601 2757 644 2815 slc
664 2762 783 2835 pectore
805 2758 898 2818 latur:

149 2846 240 2916 ‘quae
261 2854 340 2897 nuuc
359 2837 463 2899 deinde
481 2838 608 2898 morasti
630 2845 680 2899 aut
698 2841 767 2916 quid
783 2841 849 2910 iam,
868 2841 976 2911 Turne,
995 2843 1160 2906 retractari

147 2936 207 2979 uon
229 2937 326 2991 eursu,
349 2922 441 2982 saevis
463 2921 635 2982 certandum
654 2930 698 2983 est
719 2926 883 2984 comminus
903 2926 1002 2985 armis.
1107 2932 1160 2986 888

148 3009 228 3064 verte
251 3005 345 3064 omnis
367 3011 426 3066 tete
446 3007 477 3066 in
491 3005 580 3066 facies
602 3012 631 3065 et
650 3007 791 3068 contrahe
810 3006 949 3086 quidquid
1093 3003 1098 3011 ’

147 3086 207 3147 sive
229 3089 332 3148 animis
352 3089 412 3149 sive
434 3098 496 3149 arte
516 3087 610 3157 vales;
629 3098 696 3168 opta
719 3090 811 3151 ardua
831 3091 928 3168 pinnis

147 3176 225 3229 astra
247 3172 330 3249 sequi
350 3171 517 3232 clausumve
539 3189 607 3232 cava
630 3180 659 3232 te
682 3174 810 3234 condere
831 3173 987 3233 terra....’
1096 3210 1106 3227 .

147 3250 196 3311 ille
220 3259 307 3329 caput
325 3270 466 3331 quassans
489 3265 563 3314 ‘uon
586 3273 634 3315 me
656 3262 705 3317 tua
729 3256 838 3317 fervida
859 3262 973 3316 terrent

149 3334 233 3403 dicta,
254 3334 351 3395 ferox:
372 3336 400 3396 di
422 3356 469 3398 me
491 3345 601 3399 terrent
624 3345 652 3398 et
672 3339 803 3418 luppiter
823 3339 934 3399 hostis!
1106 3349 1159 3403 886

148 3434 203 3477 nec
224 3417 310 3495 plura
333 3420 434 3479 ellatus
455 3438 555 3481 saxum
577 3419 774 3498 circumspicit
794 3422 905 3500 ingens,

150 3517 252 3560 saxum
274 3502 402 3562 anticum
420 3504 533 3580 ingens,
557 3519 659 3583 campo
682 3503 759 3582 quod
782 3505 858 3565 forte
879 3503 999 3568 iacebat.
1044 3559 1053 3575 ,
