2512 4096
453 277 595 326 vuaarm
617 277 756 327 nodone
777 277 800 324 v
1091 263 1124 325 11

248 435 315 496 ΜΟ.
337 434 431 495 lnrmo
453 432 539 502 baec,
569 433 599 492 in
621 431 704 490 viridi
725 448 820 509 nuper
843 448 918 510 quae
940 430 1050 490 cortice
1071 429 1128 507 lagi

248 518 376 578 carmina
398 516 539 592 descripsi
561 522 588 575 et
609 513 763 575 modulans
784 513 895 575 alterna
916 513 1022 582 notari,

248 602 390 678 experiar.
435 606 467 660 tu
489 598 595 658 deinde
614 597 713 658 iubeto
736 604 768 658 ut
790 604 882 658 certet
902 598 1050 675 Amyntas.
1098 608 1129 660 1⁵

247 686 316 744 ME.
339 684 431 744 Lenta
452 681 524 741 salix
547 688 685 759 quantum
707 679 826 758 pallenti
848 680 924 741 cedit
945 678 1045 748 olivae,

247 768 379 845 puniceis
399 764 517 826 humilis
539 771 679 842 quantum
700 763 829 824 saliunca
850 764 963 834 rosetis

247 851 354 912 iudicio
376 856 476 909 nostro
498 855 610 909 tautum
631 848 684 908 tibi
706 847 781 908 cedit
802 848 948 926 Amyntas.

248 934 299 995 sed
314 941 346 995 tn
367 933 468 994 desine
489 931 589 1009 plura,
610 949 700 1009 puer;
723 931 916 992 successimus
938 937 1031 991 antro.

247 1017 315 1078 Mo.
345 1017 511 1076 Extinctum
525 1015 669 1094 nymphae
685 1013 796 1076 crudeli
811 1015 914 1075 funere
930 1013 1074 1090 Daphnim
1096 1024 1131 1078 20

249 1099 359 1161 ilebant
381 1099 442 1179 (vos
464 1097 555 1177 coryli
575 1105 663 1159 testes
686 1106 714 1159 et
735 1098 854 1159 ssumina
876 1097 1032 1177 nymphis),

252 1202 319 1244 eum
341 1181 491 1259 complexa
513 1184 558 1243 sui
581 1199 687 1260 corpus
708 1180 875 1242 miserabile
895 1182 955 1241 nati
1062 1198 1073 1215 =

252 1273 338 1342 atque
360 1265 429 1325 deos
451 1273 537 1343 atque
559 1273 636 1326 astra
657 1272 741 1325 vocat
763 1262 892 1326 crudelia
912 1271 1015 1325 mater.

252 1348 317 1408 Non
330 1346 390 1428 ,ulli
411 1355 508 1424 pastos
529 1346 585 1408 illis
607 1366 693 1426 egere
716 1347 818 1409 diebus

251 1429 1130 1509 frigida,Daphni,hovesadllumina;nullanequeamnemts

252 1515 351 1576 libavit
372 1515 553 1594 quadrupes,
576 1534 630 1577 neo
652 1516 790 1593 graminis
812 1515 902 1592 attigit
924 1515 1056 1577 herbam.

251 1600 379 1679 Daphni,
403 1606 484 1661 tuum
505 1600 619 1661 Poenos
642 1601 725 1660 etiem
747 1600 922 1678 ingemuisse
942 1597 1042 1660 leones

251 1685 407 1745 interitum·
420 1689 592 1762 montesque
613 1682 835 1762 ieri-silvaeque
856 1681 999 1744 locuntur.
1037 1717 1040 1722 -

248 1768 377 1847 Daphnis
399 1775 427 1829 et
447 1769 599 1828 Armenias
621 1785 710 1829 curru
732 1767 910 1843 subiungere
930 1767 1013 1844 tigris

250 1853 385 1922 instituit,
408 1852 538 1929 Daphnis
558 1853 669 1912 thiasos
689 1851 829 1913 inducere
851 1849 959 1910 Bacchi
1087 1858 1134 1916 '30

254 1942 282 1995 at
303 1935 379 1996 loliis
400 1935 493 1996 lentas
514 1938 644 1999 intexere
665 1936 802 1997 mollibus
823 1935 929 1995 hastas.

210 2036 234 2054 „
250 2019 315 2080 vitis
336 2026 368 2081 ut
388 2019 543 2081 arboribus
565 2021 665 2082 decori
686 2027 745 2089 est,
766 2024 799 2079 ut
820 2017 925 2078 vitibus
946 2035 1028 2087 uvae,
1121 2023 1124 2028 ’

252 2109 284 2163 ut
306 2102 444 2181 gregibus
465 2105 556 2173 tauri,
579 2110 692 2180 segetes
713 2109 746 2163 ut
766 2099 923 2178 pinguibus
944 2101 1036 2162 arvis:

251 2192 284 2247 tu
305 2186 395 2247 decus
417 2203 503 2246 omne
524 2187 590 2246 tuis.
618 2191 772 2263 postquam
793 2190 823 2244 te
844 2184 902 2244 sata
922 2183 1060 2256 tulerunt,

253 2270 315 2345 ipsa
336 2267 421 2329 Pales
443 2284 530 2344 agros
551 2275 638 2347 atque
659 2270 722 2347 ipse
743 2265 860 2346 reliquit
880 2267 992 2346 Apollo.
1100 2281 1132 2335 35

253 2351 379 2412 Grandia
401 2369 489 2428 saepe
511 2351 616 2430 quibus
636 2351 836 2414 mandavimus
856 2352 966 2415 hordea
987 2352 1084 2422 sulcis,

252 2433 350 2496 infelix
372 2434 472 2497 lolium
494 2442 523 2496 et
544 2435 656 2498 steriles
676 2443 837 2498 nascuntur
858 2456 980 2507 avenam

245 2518 306 2598 'pro
328 2519 409 2580 molli
430 2518 520 2590 viola,
543 2538 598 2599 pro
619 2539 768 2599 purpurea
790 2523 921 2583 narcisso

253 2603 378 2665 carduos
399 2611 429 2664 et
449 2606 539 2682 spinis
560 2607 654 2683 surgit
674 2605 805 2684 paliurus
826 2607 926 2667 acutis.

252 2688 386 2766 Spargite
407 2689 529 2750 humum
551 2689 634 2760 loliis,
657 2689 785 2751 inducite
806 2688 935 2751 lontibus
955 2690 1085 2761 umbras,
1101 2701 1136 2754 40

251 2779 384 2849 pastores
406 2771 533 2852 (mandat
553 2773 617 2834 fieri
638 2773 693 2834 sibi
714 2772 781 2834 talia
802 2773 940 2855 Daphnis)

253 2862 282 2914 et
302 2855 446 2917 tumulum
467 2857 563 2927 facite,
586 2864 614 2917 et
635 2857 747 2918 tumulo
769 2874 858 2934 super
880 2858 977 2920 addite
999 2876 1133 2920 carmen:

254 2936 393 3015 ‘Daphnis
414 2956 469 3015 ego
491 2941 521 2999 in
542 2938 634 3010 silvis,
656 2940 725 3000 binc
747 2957 840 3018 usque
862 2941 898 3001 ad
920 2942 1016 3003 sidera
1037 2950 1175 3012 notus:-

255 3020 396 3082 lormonsi
416 3024 531 3099 pecoris
553 3030 664 3093 custos,
688 3023 864 3083 formonsior
885 3025 957 3101 ipse.

291 3106 361 3165 ME.
385 3104 455 3166 Tale
475 3111 560 3167 tuum
580 3105 665 3166 nobis
688 3122 821 3175 carmen,
845 3105 940 3168 diuino
961 3116 1056 3188 poeta,
1101 3117 1133 3170 45

253 3188 338 3266 quale
359 3201 448 3267 sopor
471 3190 553 3250 lassis
574 3191 604 3250 in
625 3190 771 3267 gramine,
795 3188 879 3266 quale
901 3207 949 3269 per
975 3197 1087 3253 aestum

254 3271 344 3333 dulcis
366 3292 458 3353 aquae
480 3273 601 3334 saliente
622 3275 698 3334 sitim
719 3273 902 3348 restinguere
923 3277 994 3336 rivo.

254 3372 309 3416 neo
330 3355 446 3418 celarum
468 3357 563 3419 solum
585 3359 770 3435 aequiparas,
793 3357 843 3418 sed
858 3375 930 3419 voce
947 3359 1123 3438 magistrum

255 3522 403 3580 Fortunate
422 3543 504 3600 puer,
524 3538 556 3585 tu
566 3513 645 3586 'nune
658 3528 713 3585 eris
732 3526 801 3583 alter
822 3527 859 3584 ab·
873 3526 921 3583 illo
1101 3531 1134 3586 49
