2512 4096
129 248 170 311 68
339 278 343 283 -
418 255 563 303 vnncmr
586 254 786 303 ononcrcon
809 254 849 301 111

129 432 189 474 nou
209 411 333 473 umbrae
354 410 479 470 altorum
500 427 671 477 nemorum,
694 427 754 468 nou
775 408 872 469 mollia
894 416 1020 487 possunt
1091 420 1137 473 stt

128 503 211 574 prata
233 513 352 555 movere
373 495 517 563 animum,
540 511 600 553 non
622 494 671 572 qui
692 510 746 570 per
767 511 836 552 saxa
858 493 974 554 volutus

128 580 231 657 purior
252 577 361 639 electro
383 595 518 656 campum
539 578 612 653 petit
632 577 739 645 amnis;
763 584 792 636 at
813 577 870 637 ima

129 661 279 722 solvontnr
300 659 406 729 latera,
428 669 515 738 atque
536 659 638 721 oculos
659 667 761 738 stupor
782 666 869 737 urget
890 659 1003 728 inertis,

129 745 166 805 ad
187 753 355 823 terramque
376 744 441 804 lluit
462 744 571 804 devexo
592 743 723 821 pondere
746 744 852 804 cervix.

128 829 198 908 quid
219 827 304 888 labor
325 835 375 888 aut
395 827 547 888 benefacta
568 828 682 887 iuvant?
704 827 773 905 qnid
794 844 913 886 vomere
935 835 1031 888 terras
1089 840 1136 894 525

128 913 280 972 invertisse
302 912 414 989 gravisi
436 912 515 990 atqui
537 927 596 969 non
617 910 737 970 Massica
761 910 867 970 Bacchi

127 1012 266 1066 munera,
289 1013 348 1054 non
369 993 426 1054 illis
447 993 550 1070 epulae
571 1012 700 1054 nocuere
721 1000 870 1071 repostae:

126 1077 281 1139 frondibus
303 1086 332 1139 et
351 1079 430 1138 victu
450 1085 611 1155 pascuntur
631 1076 770 1155 simplicis
790 1076 909 1146 herbae,

10 1196 13 1201 ι
126 1162 232 1239 pocula
254 1169 322 1222 sunt
343 1161 438 1221 lontes
460 1160 561 1239 liquidi
582 1168 669 1238 atque
691 1161 817 1221 exercita
839 1178 928 1221 cursu

128 1244 262 1315 flumina,
284 1264 340 1306 nec
362 1262 481 1304 somnos
502 1243 650 1322 abrumpit
671 1263 742 1305 cura
762 1243 897 1304 salubris.

128 1339 261 1406 tempore
282 1347 341 1388 non
363 1328 418 1388 alio
441 1329 541 1388 dicunt
561 1327 731 1405 regionibns
752 1326 807 1386 illis

127 1413 272 1489 quaesitas
294 1412 331 1472 ad
353 1429 436 1472 sacra
457 1410 547 1471 boves
568 1411 687 1471 lunonis
710 1417 738 1471 et
758 1410 820 1470 uris

127 1495 278 1572 inparibus
300 1496 403 1555 ductos
425 1493 482 1555 alta
503 1494 539 1554 ad
562 1494 682 1554 donaria
704 1513 817 1554 currus

128 1596 199 1656 ergo
222 1597 309 1657 aegre
330 1579 433 1638 rastris
454 1584 565 1638 terram
586 1577 743 1646 rimantur,
766 1579 823 1637 et
815 1579 885 1654 ipsis

126 1661 275 1738 unguibus
296 1660 440 1721 infodiunt
462 1661 576 1738 fruges,
597 1662 763 1745 montisque
784 1678 838 1738 per
860 1659 932 1719 altos

127 1752 263 1806 contenta
277 1745 398 1805 cervice
418 1744 539 1803 trahunt
558 1725 709 1804 stridentia
729 1744 867 1840 plaustra.

127 1844 185 1888 non
208 1828 295 1907 lupus
316 1828 434 1888 insidias
456 1826 588 1904 explorat
610 1827 693 1888 ovilia
716 1828 826 1889 circum

126 1930 182 1974 nec
202 1912 342 1991 gregibus
363 1919 525 1971 nocturnus
546 1910 729 1972 obambulat:
751 1912 845 1971 acrior
867 1908 948 1970 illum

127 2013 198 2058 cura
220 1996 334 2064 domat;
357 1995 449 2054 timidi
471 1995 604 2056 dammae
626 1996 761 2073 cervique
783 1995 902 2070 lugaces

126 2098 206 2141 nuuc
226 2081 362 2159 interque
384 2096 473 2140 canes
495 2087 524 2140 et
546 2081 656 2140 circum
677 2085 753 2139 tecta
774 2085 924 2154 vagantur.

125 2165 183 2224 iam
205 2166 294 2224 maris
316 2164 450 2224 immensi
471 2161 585 2240 prolem
607 2170 636 2223 et
650 2171 749 2240 ‘genus
771 2178 858 2221 omne
879 2167 1030 2220 natantum

125 2243 211 2306 litore
228 2249 258 2306 in
280 2255 411 2308 extremo
433 2265 488 2308 cen
509 2247 649 2323 naufraga
672 2263 802 2323 corpora·
818 2244 924 2304 tinctus

126 2327 249 2406 proluit;
262 2328 405 2389 insolitae
426 2330 542 2406 lugiunt
561 2331 591 2388 in
613 2328 733 2389 flumina
754 2329 875 2404 phocae.

127 2413 224 2472 interit
246 2418 275 2472 et
296 2414 392 2473 curvis
414 2412 523 2471 frustra
545 2412 664 2471 defensa
685 2410 806 2471 latebris

127 2496 225 2573 vipera
248 2502 277 2555 et
299 2496 412 2555 attoniti
434 2496 562 2572 squamis
584 2493 765 2553 adstantibus
786 2494 880 2571 hydri.

126 2577 197 2655 ipsis
219 2587 263 2638 est
284 2583 335 2638 aer
357 2577 457 2638 avibus
479 2595 538 2635 non
559 2594 682 2654 aequos,
706 2583 735 2635 et
756 2575 822 2635 illae

125 2662 301 2739 praecipites
323 2660 380 2721 alta
401 2662 489 2719 vitam
512 2659 566 2719 snb
588 2659 666 2719 nube
688 2658 864 2735 relinquont.

127 2754 278 2822 praeterea
300 2763 356 2805 nec
377 2743 484 2802 mutari
504 2744 562 2802 iam
583 2741 691 2820 pabula
712 2743 814 2811 refert,

128 2831 333 2907 quaesitaeqne
355 2834 461 2887 nocent
483 2833 575 2893 artes;
599 2843 714 2886 cessere
736 2827 867 2904 magistri

126 2911 298 2990 Phillyrides
319 2911 428 2971 Chiron
449 2911 716 2990 Amythaoniusque
737 2909 907 2988 Melampus.

127 2997 218 3055 saevit
239 2995 318 3055 etin
339 2993 492 3055 luccmt
459 2994 564 3074 Stygiis
587 2996 691 3054 emissa
713 2995 843 3055 tenebris

126 3077 232 3176 pallida
254 3079 413 3157 Tisiphone
435 3079 611 3139 Morbose
575 3080 634 3181 agit
656 3086 722 3140 ante
744 3078 921 3155 Metumque

108 3168 215 3244 inque
237 3163 298 3223 dies
319 3164 434 3222 avidum
457 3180 580 3239 surgens
595 3163 690 3238 c'aput
712 3160 796 3220 altius
818 3162 909 3220 eliert

108 3232 232 3322 [balatu
246 3261 389 3322 pecorum
405 3253 434 3304 et
461 3245 572 3305 crebris
593 3245 752 3320 mugitibus
774 3261 874 3302 amnes

125 3337 300 3408 arentesque
321 3338 426 3388 sonant
448 3331 528 3405 ripae
551 3326 697 3405 collesque
718 3328 836 3406 supini]

126 3414 241 3490 iamque
263 3413 431 3474 catervatim
455 3412 504 3471 dat
525 3419 651 3487 stragem
674 3417 760 3488 atque
784 3412 932 3488 aggerat
924 3412 993 3488 ipsis

126 3498 157 3555 in
178 3493 300 3556 stabulis
321 3495 400 3573 turpi
424 3493 532 3574 dilapsa
556 3495 696 3554 cadavera
718 3493 795 3564 tabe,
