2512 4096
121 255 163 319 82
405 267 550 315 maeror
571 267 774 317 ouonercou
795 268 850 318 1111

119 440 222 482 vuum
244 420 294 481 ubi
316 418 396 481 nulia
417 420 517 498 fugam
538 423 649 500 reperit
670 421 797 492 fallacia,
820 422 914 482 rictus

119 507 149 566 iu
171 521 236 565 sese
257 503 348 573 redit,
371 511 459 583 atque
479 504 605 566 hominis
626 505 744 566 taudem
766 523 818 566 ore
841 504 960 567 locutus

120 598 203 649 ‘nam
226 587 290 666 quis
311 593 355 656 te,
379 588 517 649 iuvenum
539 588 798 657 confidentissime,
821 596 940 648 nostras
1091 601 1131 654 000

119 670 202 733 iussit
223 671 304 731 adire
326 670 447 731 domosi
491 672 596 751 quidve
617 669 686 733 hinc
707 669 814 751 petist'
852 672 966 752 inquit.
1013 681 1044 734 at
1064 672 1109 736 ille

121 757 206 824 ‘scis
229 755 353 825 Proteu,
375 756 433 816 scis
453 756 531 832 ipse;
575 773 671 834 neque
694 763 738 816 est
758 762 787 816 te
809 753 1093 834 tadere‘quiqrmm

119 838 170 899 sed
192 845 225 898 tu
247 838 347 898 desine
368 837 452 898 velle.
497 839 585 899 deum
606 845 763 917 praecepta
785 838 878 899 secuti

121 921 265 992 venimus,
289 921 357 982 hinc
378 921 461 981 lassis
483 924 648 1001 quaesitum
670 922 788 983 oracula
810 919 928 982 rebus!

120 1011 231 1066 tantum
254 1004 365 1066 enatus.
408 1004 445 1065 ad
467 1004 540 1066 baec
561 1013 640 1066 rates
661 1006 689 1066 vi
711 1006 837 1084 denique
858 1003 952 1065 multa
1088 1017 1131 1072 000

119 1088 248 1149 ardentis
270 1086 371 1149 oculos
392 1088 507 1167 intorsit
528 1088 638 1150 lumine
660 1088 779 1166 glauco,

120 1180 148 1232 et
169 1171 295 1251 graviter
316 1171 455 1232 trendens
476 1173 518 1232 sic
541 1171 606 1232 tatis
627 1191 679 1233 ora
700 1171 832 1233 resolvit:

161 1265 236 1316 ‘non
257 1262 287 1316 te
308 1255 416 1316 nullius
437 1262 576 1316 exercent
596 1256 724 1317 numinis
746 1257 822 1322 irae;

118 1356 223 1416 magna
244 1337 301 1400 luis
323 1339 492 1400 commissa:
536 1338 588 1399 tibi
610 1338 663 1399 has
683 1335 857 1400 miserabilis
880 1337 1020 1416 Orpheus

118 1420 336 1501 hautquaquam
358 1421 396 1483 ob
418 1422 555 1484 meritum
577 1439 701 1500 poenas,
723 1423 754 1482 ni
776 1422 832 1483 iata
855 1421 1004 1491 resistant,
1089 1434 1133 1490 000

119 1506 254 1574 suscitat,
278 1512 308 1565 et
327 1512 411 1584 rapta
433 1507 559 1582 graviter
580 1523 636 1584 pro
658 1507 782 1585 coniuge
803 1505 902 1565 saevit.

119 1587 166 1648 illa
188 1587 321 1667 quidem,
344 1587 414 1648 dum
434 1595 463 1650 te
486 1589 601 1667 fugeret
621 1607 675 1668 per
696 1589 816 1650 flumina
837 1605 991 1667 praeceps,

119 1672 276 1731 immamm
298 1677 365 1731 ante
386 1671 477 1750 pedes
498 1672 624 1752 hydrum
646 1674 788 1734 moritura
810 1670 907 1750 puella

120 1761 284 1814 servantem
305 1754 385 1832 ripas
407 1753 464 1816 alta
486 1773 545 1816 non
566 1756 636 1817 vidit
657 1758 687 1818 in
709 1756 811 1818 herba.

120 1844 148 1898 at
171 1837 279 1898 chorus
300 1837 429 1929 aequalis
451 1839 592 1919 dryadum
615 1840 743 1901 clamore
765 1856 919 1919 supremos
1089 1853 1136 1908 000

119 1921 278 2001 implerunt
299 1922 423 1992 montis;
467 1924 575 1984 derunt
596 1923 784 2002 Rhodopeiae
807 1941 890 1984 arces
1096 1933 1097 1936 ’

120 2005 235 2085 altaque
257 2005 392 2082 Pangaea
414 2013 443 2068 et
464 2007 553 2069 Rhesi
573 2006 713 2068 Mavortia
734 2007 820 2069 tellus

119 2096 207 2168 atque
230 2089 320 2150 Getae
342 2098 429 2169 atque
452 2091 569 2153 Hebrus
591 2098 621 2152 et
641 2090 737 2151 hotias
759 2090 897 2169 Orithyia.

119 2189 182 2248 ipse
206 2190 274 2234 cara
296 2172 393 2234 solans
416 2192 538 2253 aegrum
558 2174 705 2236 testudine
727 2191 858 2235 amorem

120 2260 163 2321 te,
188 2254 281 2316 dulcis
303 2259 446 2327 coniunx,
470 2266 499 2319 te
521 2259 583 2319 solo
605 2260 636 2318 in
656 2257 741 2319 btore
763 2276 872 2327 secum,
1089 2270 1139 2325 000

120 2344 149 2396 00
172 2339 305 2400 veniente
327 2339 388 2410 die,
411 2349 442 2401 te
463 2341 624 2402 decedente
646 2341 777 2402 canebat.

120 2417 279 2481 Taenarias
300 2423 387 2482 etiam
409 2422 522 2492 fauces,
537 2423 603 2483 'alta
624 2425 697 2482 ostia
718 2425 798 2492 Ditis,

121 2507 150 2562 et
171 2503 343 2582 caligantem
364 2507 448 2583 nigra
470 2506 624 2566 tormidine
647 2504 745 2564 lucum

121 2587 271 2662 ingressus
293 2588 445 2666 manisque
467 2588 536 2649 adiit
557 2605 717 2666 regemque
738 2592 923 2652 tremendum

121 2670 278 2749 nesciaque
300 2669 435 2731 humanis
454 2670 592 2749 precihus
614 2687 819 2733 mansuescere
841 2675 939 2736 corda.
1085 2686 1137 2742 070

122 2760 151 2812 at
173 2761 260 2813 cantu
282 2758 445 2814 commotae
467 2754 556 2815 Erebi
578 2754 614 2815 de
635 2754 754 2816 sedibus
774 2757 839 2816 imis

122 2835 244 2897 umbrae
265 2835 346 2896 ibant
366 2845 470 2899 tenues
491 2836 703 2918 simulacraque
723 2837 789 2900 luce
811 2831 971 2908 carentum.

70 2992 74 2998 .
123 2936 209 2997 quarn
230 2918 321 2980 multa
342 2921 372 2981 iu
394 2919 470 2982 foliis
490 2922 585 2983 arium
607 2940 639 2984 se
660 2923 737 2984 mdia
759 2924 896 2994 condunt,

122 3019 226 3081 vesper
248 3002 297 3065 ubi
319 3011 369 3065 aut
390 3004 531 3067 hibernus
553 3007 611 3083 agit
633 3007 669 3068 de
691 3007 839 3068 montibus
860 3007 964 3078 imber,

122 3092 231 3146 matres
252 3094 339 3165 atque
360 3088 414 3151 riri
435 3089 629 3169 defunctaque
651 3109 775 3169 corpora
796 3093 853 3151 vita
1084 3103 1137 3159 4⁷⁶

123 3171 340 3246 magnanimum
361 3172 501 3242 heroum,
523 3174 608 3253 pueri
629 3175 824 3252 innuptaeque
845 3173 968 3250 puellae,

123 3253 307 3331 impositique
327 3256 406 3333 rogis
428 3257 547 3316 iuvenes
568 3262 635 3317 ante
656 3274 707 3316 ora
728 3261 899 3333 parentum;

121 3351 195 3413 quos
217 3336 436 3398 circum-limus
457 3340 542 3415 niger
564 3344 593 3398 et
614 3337 752 3398 deformis
773 3338 907 3399 harundo

123 3417 221 3497 Cocyti
242 3420 382 3499 tardaque
403 3420 487 3498 palus
508 3419 670 3482 inamabilis
690 3421 769 3482 unda

122 3499 233 3579 alligat,
257 3509 287 3566 et
307 3505 427 3564 noviens
449 3504 518 3585 Styx
540 3503 679 3566 interfusa
701 3511 827 3567 coercet.
