2512 4096
95 311 98 316 -
194 278 234 338 76
474 288 619 336 vunnim
643 288 843 336 ononurcon
866 287 919 334 1111

195 445 384 515 circumstant
404 442 521 504 fremitu
544 443 634 504 denso
657 444 821 521 stipantque
843 443 1022 520 frequentes,

195 533 223 587 et
243 543 331 605 saepe
353 523 487 586 attollunt
507 528 632 596 umeris,
656 534 685 587 et
707 543 832 603 corpora
854 525 931 586 bello

194 608 341 670 obiectant
361 608 573 690 pulchramque
594 617 697 687 petunt
718 627 771 687 per
793 608 913 670 volnera
935 617 1076 670 mortem.

236 693 287 754 His
309 693 426 772 quidam
448 695 537 773 signis
560 701 647 772 atque
668 694 742 754 haec
764 692 896 770 exempla
918 694 1011 752 secuti

195 794 258 837 esse
280 776 383 855 apibus
405 785 518 854 partem
540 778 653 838 divinae
673 778 779 837 mentis
801 783 829 836 et
850 777 972 836 haustus
1162 787 1204 840 lto

97 872 101 884 “
194 860 338 921 aetherios
360 861 475 930 dixere3
498 862 585 923 deum
607 878 733 939 namque
755 861 798 920 ire
820 878 873 938 per
895 861 1001 927 omnia,

194 951 346 1022 terrasque
367 951 535 1025 tractusque
557 946 647 1005 maris
669 943 840 1022 caelumque
862 941 1062 1020 prolundum;

193 1027 261 1087 hinc
283 1028 411 1106 pecudes
433 1036 564 1090 armenta
587 1030 679 1097 viros,
703 1045 795 1104 genus
818 1044 904 1086 omne
926 1026 1068 1096 serarum,

194 1129 340 1190 quemque
361 1111 416 1172 sibi
437 1114 543 1173 tenuis
555 1119 723 1172 nascentem
746 1127 896 1171 arcessere
916 1111 1006 1178 vitam

194 1193 303 1255 scilicet
324 1194 383 1256 huc
404 1196 488 1257 reddi
510 1196 615 1257 deinde
637 1214 671 1256 ac
692 1193 821 1256 resoluta
843 1193 948 1255 referri
1110 1218 1113 1223 ·
1162 1205 1204 1258 ns

194 1281 306 1348 omnia,
329 1298 384 1341 nec
404 1281 492 1340 morti
515 1298 578 1341 esse
600 1278 716 1349 locum,
738 1278 790 1339 sed
811 1278 874 1338 viva
894 1275 992 1337 volare

194 1361 298 1422 sideris
319 1362 349 1421 in
370 1381 527 1425 numerum
548 1371 635 1442 atque
657 1362 715 1423 alto
737 1362 896 1422 succedere
919 1359 1008 1420 caelo.

237 1444 383 1523 Siquando
405 1448 504 1508 sedem
526 1456 679 1525 augustam
700 1453 871 1523 servataque
893 1442 979 1504 mella

195 1527 343 1588 thensauri
364 1528 486 1601 relines,
508 1531 590 1609 prius
611 1532 717 1590 haustu
739 1545 858 1608 sparsus
881 1545 1022 1606 aquarum

195 1630 246 1672 ore
268 1612 347 1681 love,
370 1613 525 1691 fumosque
546 1631 635 1674 manu
656 1612 815 1691 praetende
836 1611 977 1690 sequacis.

192 1696 267 1756 *11111
281 1698 327 1756 ira
340 1696 462 1757 modurn
476 1707 565 1775 supra
588 1704 643 1766 est,
667 1696 821 1773 laesaeque
843 1711 987 1756 venenum

193 1776 340 1839 morsibus
361 1779 520 1856 inspirant,
544 1788 574 1840 et
594 1779 704 1858 spicula
727 1798 813 1840 caeca
834 1777 1002 1855 relinquent

194 1861 304 1922 adfixae
326 1863 420 1932 renis,
444 1865 612 1942 animasque
634 1865 664 1924 in
685 1862 805 1924 volnere
826 1865 968 1941 ponunt’i

192 1943 237 2004 bis
260 1945 394 2023 gravidos
417 1955 525 2025 cogunt
547 1948 638 2018 letus,
661 1948 719 2008 duo
740 1955 874 2024 tempora
896 1945 1013 2005 messis:

194 2027 321 2108 Taygete
343 2029 428 2113 simul
451 2049 484 2091 os
504 2033 592 2092 terris
613 2031 738 2092 ostendit
758 2031 915 2090 honestum

193 2110 277 2172 Pleas
299 2119 328 2173 et
349 2113 459 2176 Oceani
481 2122 596 2194 spretos
617 2115 692 2193 pede
714 2113 842 2192 reppulit
864 2113 965 2181 amnis,

194 2201 243 2253 aut
264 2195 366 2256 eadem
388 2199 468 2258 sidus
490 2200 604 2278 lugiens
625 2198 675 2259 ubi
697 2198 784 2275 piscis
807 2198 908 2275 aquosi

193 2277 304 2336 tristior
323 2278 462 2342 hibernas
485 2284 565 2343 caelo
588 2282 739 2342 descendit
760 2282 789 2341 iu
811 2281 913 2341 undas

98 2441 99 2444 Ἴ
191 2361 268 2434 *quo
282 2361 375 2437 magis
390 2363 551 2425 exhaustae
566 2365 687 2434 luerint,
710 2365 768 2424 hoc
789 2367 885 2425 acrius
907 2380 1008 2423 omnes

195 2441 364 2503 incumbent
386 2448 501 2522 generis
522 2447 594 2524 lapsi
617 2448 727 2506 sarcire
749 2448 858 2517 ruinas,

194 2524 439 2606 complebuntque
460 2530 541 2589 loros
562 2538 591 2589 et
612 2529 734 2589 lloribus
755 2529 862 2590 horrea
884 2529 1009 2591 terent*

194 2608 239 2669 sin
261 2608 366 2670 duram
387 2617 501 2672 metues
523 2612 649 2673 hiemem
671 2629 834 2690 parcesque
856 2615 953 2674 futuro

194 2699 389 2772 contusosque
411 2694 523 2754 animos
545 2702 574 2755 et
595 2713 643 2755 res
664 2694 844 2757 miserabere
865 2698 985 2757 lractas:

193 2781 222 2834 at
243 2777 344 2837 suffire
365 2777 465 2857 thymo
488 2795 628 2857 cerasque
648 2779 781 2840 recidere
803 2780 895 2839 inanis

194 2859 258 2937 quis
281 2859 410 2921 dubitet?
432 2879 500 2921 nam
521 2879 609 2941 saepe
631 2861 710 2922 savos
732 2863 848 2941 ignotus
870 2864 967 2925 adedit

193 2941 276 3003 stelio
299 2949 328 3004 et
348 2943 482 3023 lucifugis
505 2955 641 3025 congesta
664 2945 769 3008 cubilia
791 2945 903 3016 blattis;

193 3026 388 3106 immunisque
409 3030 514 3091 sedens
535 3030 628 3091 aliena
650 3031 686 3091 ad
708 3030 815 3110 pabula
837 3031 922 3092 lucus

194 3116 243 3169 aut
265 3128 350 3188 asper
374 3113 479 3174 crabro
501 3114 652 3193 inparibus
673 3133 705 3175 se
727 3116 883 3175 immiscuit
904 3116 1000 3184 armis,

194 3199 243 3252 aut
266 3194 362 3255 dirum
382 3196 470 3258 tiniae
492 3215 598 3275 genus,
622 3204 671 3257 aut
692 3198 783 3258 inrisa
804 3198 952 3258 Minervae

193 3274 274 3336 laxos
295 3278 325 3336 in
347 3277 459 3340 loribus
481 3281 631 3358 suspendit
652 3298 759 3340 aranea
782 3281 879 3340 cassis.

236 3359 266 3420 Si
287 3377 373 3432 vcro,
396 3363 533 3442 quoniam
556 3379 640 3423 casus
662 3362 765 3440 apibus
787 3381 903 3442 quoque
925 3373 1042 3426 nostros

193 3445 248 3504 vita
270 3443 349 3515 tulit,
371 3447 448 3506 tristi
468 3444 648 3523 languebunt
670 3463 795 3525 corpora
816 3447 922 3508 morbo
947 3483 982 3493 -

194 3527 272 3608 quod
294 3528 351 3590 iam
372 3547 432 3590 non
454 3528 549 3592 dubiis
569 3512 680 3609 poteris
702 3548 880 3611 cognoscere
902 3533 1006 3612 signis:
