2512 4096
466 263 647 313 nonarum.
1009 247 1072 314 385

59 429 91 483 et
112 424 194 479 notat
215 419 357 496 inpressis
380 434 473 496 aequo
496 418 667 481 discrimine
689 413 818 496 quadris.

58 503 150 564 infert
170 500 239 561 inde
261 501 327 563 loco
349 499 483 578 (Scybale
505 501 698 562 mundaverat
721 507 820 578 aptum
1036 505 1073 561 to

60 593 128 648 ante
149 584 256 664 locum)
280 586 419 663 testisque
440 586 527 663 tegit,
550 602 641 664 super
663 588 785 660 aggerat
804 583 898 661 ignes.

60 671 187 748 dumque
209 660 285 728 suas‘
297 669 412 747 peragit
432 667 577 729 Volcanus
597 667 743 746 Vestaque
765 674 874 743 partes,

60 752 187 831 Simylus
207 752 321 812 interea
342 768 432 811 vacua
455 768 515 810 non
538 758 633 812 cessat
653 752 684 810 in
707 751 789 818 hora,

59 854 161 896 verum
184 833 271 896 aliam
294 833 349 895 sibi
371 836 487 913 quaerit
507 852 610 913 opem,
634 851 692 894 neu
714 830 774 893 sola
796 831 893 911 palato

59 921 98 980 sit
120 936 180 980 non
202 925 285 996 grata
307 934 404 983 ceres,
429 935 501 997 quas
521 919 624 995 iungat
646 922 797 995 comparat
819 933 923 977 escas·

59 1021 120 1063 non
142 1000 185 1061 illi
206 1019 347 1080 suspensa
368 999 466 1060 locum
489 1001 623 1062 carnaria
642 1000 734 1067 iuxta,

60 1085 158 1146 durati
178 1083 238 1145 sale
260 1095 342 1164 terga
365 1084 425 1143 suis
446 1084 618 1162 truncique,
641 1081 792 1152 vacabant,

59 1169 198 1230 traiectus
220 1166 347 1228 medium
369 1172 469 1244 sparto
491 1166 541 1229 sed
564 1183 666 1227 caseus
688 1164 793 1225 orbem

60 1259 193 1313 etvetus
215 1249 347 1311 adstricti
368 1249 456 1310 fascis
477 1247 625 1328 pendebat
645 1248 758 1309 anethi:

45 1352 133 1413 ,ergo
161 1334 248 1395 aliam
278 1332 399 1393 molitur
421 1350 507 1410 opem
530 1331 587 1392 sibi
607 1331 746 1410 providus
774 1326 888 1391 herbis.

102 1418 212 1478 Hortus
235 1425 297 1477 erat
318 1423 436 1476 iunctus
458 1413 590 1485 casulae,
614 1432 701 1493 quem
722 1415 831 1479 vimina
852 1432 946 1494 pauca

61 1508 91 1562 ct
112 1500 224 1561 calamo
247 1500 375 1560 rediviva
395 1497 453 1559 levi
474 1497 608 1561 munibat
628 1496 751 1568 arundo,

61 1584 183 1662 exiguus
205 1585 313 1663 spatio,
337 1583 424 1643 variis
446 1581 498 1643 sed
519 1579 624 1642 fertilis
646 1579 757 1641 herbis.
847 1590 850 1594 ’

61 1666 104 1727 nil
125 1666 168 1726 illi
191 1666 289 1735 derat,
313 1664 391 1744 quod
413 1666 551 1744 pauperis
573 1665 663 1743 exigit
682 1682 766 1726 usus:

61 1748 209 1810 interdum
231 1748 363 1828 locuples
384 1767 401 1809 a
422 1765 552 1828 paupere
573 1747 657 1827 plura
679 1746 807 1827 petebat.

60 1851 117 1894 nec
138 1839 272 1911 sumptus
293 1840 357 1909 erat
377 1830 450 1892 illud
471 1850 545 1910 opus
565 1832 618 1892 sed
639 1829 739 1893 recula
761 1847 859 1891 curae.

61 1918 87 1979 si
109 1915 228 1995 quando
247 1934 369 1979 vacuum
393 1914 490 1976 casula
512 1914 662 1993 pluviaeve
683 1911 824 1974 tenebant

61 1999 172 2061 testare
193 1998 258 2070 lux,
281 2000 307 2060 si
328 1997 403 2058 iorte
424 1996 509 2057 labor
531 1994 663 2057 cessabat
684 1997 782 2065 aratri,

63 2080 143 2144 horti
164 2100 238 2161 opus
259 2079 332 2142 illud
354 2086 426 2141 erat.
447 2079 543 2139 varias
565 2078 721 2157 disponere
742 2076 856 2156 plantat

63 2173 150 2227 norat
172 2171 202 2225 et
222 2163 352 2228 occultae
374 2162 557 2223 committere
579 2162 692 2221 semina
713 2169 811 2221 terrae

63 2249 233 2327 pipinusque
254 2254 322 2327 apta
342 2263 411 2307 cura
434 2243 605 2304 submittere
627 2245 714 2305 rivos.

62 2332 113 2394 hie
135 2329 212 2402 olus,
235 2331 284 2391 hic
305 2329 363 2389 late
384 2327 541 2389 fundentes
562 2327 698 2387 bracchia
720 2326 806 2387 betae

63 2413 265 2493 fecundusque
287 2429 392 2474 rumex
414 2409 584 2490 maluaeque
605 2412 762 2494 inulaeque
784 2412 950 2480 virebant.

63 2497 113 2559 hic
134 2499 208 2558 siser
231 2504 260 2557 et
280 2513 391 2557 nomen
413 2495 502 2573 capiti
524 2494 659 2555 debentia
680 2510 779 2572 porra,

66 2577 126 2663 [bic
149 2582 236 2640 etiam
258 2596 385 2641 nocuum
408 2578 496 2656 capiti
518 2576 705 2656 gelidumque
726 2573 869 2659 papaver]

65 2669 206 2743 grataque
228 2661 369 2747 nobilium
391 2663 508 2741 requies
522 2659 641 2741 lactuca
664 2659 806 2729 ciborum,

108 2793 115 2807 .
159 2795 165 2806 .
263 2793 270 2807 .
317 2793 324 2806 .
368 2745 475 2806 crescit
496 2760 570 2825 quae
591 2745 623 2803 in
646 2745 780 2804 acumina
802 2740 887 2803 radix

64 2836 95 2890 et
116 2831 212 2906 gravis
232 2830 264 2888 in
285 2828 376 2889 latum
398 2828 517 2907 dimissa
539 2827 690 2888 cucurbita
713 2833 854 2886 uentrem.

66 2928 167 2971 rerum
189 2910 238 2969 bic
259 2927 318 2970 non
341 2910 452 2969 domini
474 2909 549 2988 (quia
570 2910 650 2968 enim
672 2908 851 2968 contracdor
872 2904 952 2985 illul)
1013 2901 1018 2922 ‘

66 2993 118 3055 scd
139 2990 240 3072 populi
260 2998 419 3070 proventus
441 2999 518 3060 erat,
541 2991 685 3070 nouisque
708 2988 811 3050 diebus

65 3075 184 3137 venales
204 3092 309 3137 umero
330 3074 424 3136 lasces
444 3072 581 3153 portabat
601 3074 633 3133 in
654 3071 774 3133 urbem:

67 3158 136 3220 'nde
159 3159 277 3219 domum
299 3158 413 3218 cervice
434 3156 522 3226 levis,
546 3157 641 3234 gravis
663 3173 731 3217 aere
752 3154 877 3226 redibat,

68 3243 115 3301 rix
136 3259 275 3321 umquam
297 3240 403 3302 urbani
426 3241 580 3311 comitatus
601 3256 700 3299 merce
722 3236 847 3299 macelli.

68 3342 140 3403 cepa
161 3325 272 3386 rubens
292 3325 423 3404 sectique
445 3324 553 3384 famem
575 3322 675 3383 domat
697 3340 763 3383 area
785 3322 868 3401 porri

68 3424 199 3488 quaeque
220 3407 342 3469 trabunt
363 3409 424 3468 acri
445 3406 539 3468 voltus
561 3408 704 3469 nasturtia
725 3422 825 3467 morsu
1041 3407 1077 3464 tt

67 3490 217 3571 intibaque
239 3500 269 3552 et
288 3491 434 3552 Venerem
455 3507 598 3553 revocans
619 3508 705 3552 eruca
728 3496 902 3551 morantem.

134 3605 268 3649 nuncu,
286 3604 397 3642 runem.
830 3587 869 3649 25
