2512 4096
186 271 248 334 me
524 282 666 331 vuuernr
684 282 808 330 saunis
825 283 862 329 rx

185 441 277 502 audiit
298 447 328 501 et
349 435 421 499 caeli
443 437 559 514 genitor
582 436 619 498 de
639 443 724 515 parte
744 454 847 498 serena

185 524 311 586 intonuit
332 521 455 593 laevom,
478 527 564 582 sonat
583 538 642 582 una
659 520 756 582 iatiier
778 539 879 583 arcus:

186 608 287 685 effugit
308 605 492 667 horrendum
513 604 641 666 stridens
663 605 789 666 adducta
810 606 913 682 sagitta

186 709 300 772 perque
321 696 409 769 caput
429 685 546 752 Remuli
566 691 645 750 venit
665 695 694 750 et
716 707 786 750 cava
806 697 939 768 tempora
961 688 1046 749 ferro

186 775 329 853 transigit.
361 775 395 843 ⁴i,
418 772 516 835 verbis
537 773 672 834 virtutem
690 771 791 834 irilude
812 772 961 853 superbis!

186 858 232 920 his
254 858 330 938 capti
351 856 483 936 Phryges
504 857 577 918 haec
598 855 714 918 Rutulis
735 874 877 936 responsa
896 858 1073 920 remittunt!

187 941 245 1003 hoc
265 947 376 1003 tantum
398 942 550 1002 Ascanius.
583 941 691 1002 Teucri
712 940 842 1002 clamore
863 947 1004 1003 secuntur

186 1024 353 1105 laetitiaque
373 1025 503 1086 tremunt
520 1026 691 1102 animosque
712 1024 749 1086 ad
770 1024 867 1085 sidera
888 1024 1003 1086 tollunt.

187 1109 317 1172 aetheria
337 1117 400 1169 tum
420 1108 498 1170 forte
518 1107 604 1186 plaga
625 1108 746 1170 crinitus
766 1107 870 1187 Apollo

188 1194 317 1272 desuper·
333 1193 476 1254 Ausonias
497 1193 576 1253 acies
594 1189 759 1271 urbemque
779 1191 906 1262 videbat,

188 1276 269 1338 nube
289 1277 404 1356 sedens,
427 1283 515 1356 atque
534 1275 581 1336 his
600 1277 742 1337 victorem
762 1275 878 1337 adfatur
897 1274 1010 1339 lutum:

189 1366 300 1421 ‘macte
319 1378 393 1421 nova
415 1361 530 1430 virtute,
551 1376 643 1439 puer:
668 1360 710 1420 sic
731 1360 790 1421 itur
812 1360 849 1420 ad
871 1368 957 1428 astra,

188 1443 233 1504 dis
250 1445 346 1521 genite
364 1452 392 1504 et
415 1444 549 1521 geniture
574 1443 654 1504 deos.
689 1445 755 1505 iure
771 1445 869 1504 omnia
889 1442 965 1504 helia

190 1533 277 1605 gente
298 1526 353 1587 suh
373 1528 508 1588 Assaraci
530 1528 589 1588 iato
611 1535 734 1588 ventura
754 1526 893 1596 resident,

190 1617 294 1671 necte
315 1610 403 1670 Troia
426 1612 522 1689 capit!
554 1609 641 1671 simui
661 1611 734 1672 haec
756 1611 860 1672 etiatus
880 1609 917 1672 ab
938 1609 997 1670 alto

190 1692 309 1754 aethere
329 1711 361 1754 se
382 1693 469 1763 misit,
490 1694 629 1772 spirantia
648 1693 775 1756 dimovet
796 1711 882 1754 auras

189 1778 405 1856 Ascaniumque
423 1777 504 1855 petit.
535 1776 630 1837 forma
650 1783 714 1837 tum
735 1779 859 1838 vertitur
881 1779 942 1837 oris

190 1862 341 1938 antiquom
359 1861 389 1920 in
408 1859 503 1923 Buten
526 1858 584 1939 (hic
605 1859 751 1921 Dardanio
773 1860 917 1922 Anchisae

110 1985 114 1994 -
192 1945 320 2022 armiger
341 1955 408 2006 ante
431 1945 485 2005 iuit
505 1943 640 2022 fidusque
664 1944 701 2005 ad
721 1943 822 2005 limina
844 1953 951 2014 custos,

191 2034 253 2089 tum
272 2029 409 2089 comitem
431 2030 555 2089 Ascanio
578 2037 662 2107 pater
682 2027 812 2107 addidit).
846 2028 907 2089 ibat
928 2028 1033 2109 Apollo

191 2113 289 2173 onmia
310 2110 451 2190 longaevo
473 2111 584 2181 similis,
605 2129 766 2191 vocemque
787 2111 974 2190 coloremque

191 2202 220 2258 et
242 2196 331 2256 crinis
352 2196 434 2258 albos
457 2203 486 2257 et
508 2213 592 2257 saeva
614 2195 771 2258 sonoribus
792 2214 883 2266 arnna,

191 2285 277 2360 atque
299 2280 345 2340 his
367 2280 519 2342 ardentem
540 2279 624 2341 dictis
642 2279 757 2342 adfatur
777 2278 888 2341 Iulum:

193 2363 244 2424 ‘sit
270 2365 349 2435 satis,
370 2364 490 2434 Aenide,
511 2363 577 2426 telis
599 2365 709 2444 inpune
731 2363 897 2426 Numanum

192 2448 349 2526 oppetiisse
366 2450 440 2516 tuis:
463 2449 589 2526 primam
609 2448 687 2508 hanc
704 2448 757 2508 tibi
778 2464 902 2525 magnus
924 2443 1029 2524 Apollo

166 2602 171 2611 ³
192 2531 328 2593 concedit
348 2531 465 2593 laudern
489 2539 518 2592 et
538 2531 660 2610 paribus
681 2548 741 2591 non
763 2531 871 2592 inridet
892 2530 998 2591 arrum:

192 2621 290 2679 uetera
308 2633 408 2694 parca,
426 2633 511 2694 puer,
533 2613 630 2676 bello.¹
663 2615 706 2675 sic
728 2632 812 2676 orsus
834 2612 938 2694 Apollo

192 2697 323 2760 mortalis
344 2699 441 2760 medio
463 2705 599 2776 aspectus
621 2715 758 2760 sermone
776 2698 894 2780 reliquit

193 2788 222 2843 et
239 2782 343 2861 procul
362 2783 393 2843 in
411 2789 531 2844 tenuem
553 2801 589 2844 ex
610 2782 703 2845 oculis
726 2785 843 2844 evanuit
861 2786 973 2844 auram.

193 2865 359 2945 adgnovere
382 2867 470 2928 deum
491 2884 633 2946 proceres
655 2867 809 2946 divinaque
829 2865 887 2927 tela

194 2949 379 3012 Dardanidae
399 2951 630 3031 pharetramque
651 2952 720 3031 iuga
741 2969 861 3015 sensere
882 2958 1046 3011 sonantem.

194 3052 265 3112 ergo
288 3036 404 3097 avidum
423 3053 540 3116 pugnae
563 3037 648 3098 dictis
670 3055 705 3098 ac
724 3038 844 3098 numine
867 3033 979 3096 Phoebi

193 3118 351 3182 Ascanium
371 3120 538 3199 prohibent,
557 3123 612 3201 ipsi
633 3123 664 3182 in
683 3123 843 3183 certamina
861 3135 965 3180 rurms

194 3203 358 3264 succedunt
377 3207 549 3284 animasque
570 3207 601 3265 in
622 3212 723 3283 aperta
745 3203 876 3283 pericula
897 3203 1024 3263 mittunt.

195 3285 218 3344 it
240 3284 351 3347 clamor
371 3289 440 3350 totis
460 3307 514 3368 per
535 3288 757 3368 propugnacula
776 3288 879 3359 muris,

194 3368 348 3432 intendunt
367 3373 443 3433 acris
465 3389 551 3433 arcius
572 3379 778 3453 ammentaque
795 3378 943 3452 torquent.

196 3454 335 3515 sternitur
359 3473 446 3518 omne
467 3455 562 3517 solum
584 3454 658 3526 tetis,
681 3463 743 3518 tum
765 3465 846 3518 scuta
869 3471 1015 3534 cavaeque

198 3537 268 3598 dant
290 3539 416 3602 sonitum
435 3538 516 3602 iiictu
537 3539 648 3618 galeae,
669 3557 767 3620 pugna
790 3559 894 3621 aspera
916 3539 1026 3616 surgit:
