2512 4096
123 278 201 326 xxn
428 276 476 322 DE
499 276 581 322 VITA
603 277 648 323 ET
670 273 823 324 scaffnis
1172 292 1174 385 p

122 453 182 500 cos,
204 433 315 491 Romam
335 436 434 491 iterum
448 450 478 490 se
494 434 622 498 contulit,
644 433 771 496 consilio,
793 433 817 488 si
832 447 893 487 vera
913 431 1062 489 scholiasta
1077 431 1125 488 Ber
1171 404 1174 477 l

122 520 213 574 nensis
231 517 326 581 tradit,
343 517 458 575 Cornelii
474 517 542 574 Galli
557 527 585 574 et
606 517 685 574 llacri
701 517 808 573 adiutos
817 510 849 587 ¹).
878 515 1007 589 legerunt
1029 515 1135 590 elegant

122 603 256 658 tissimum
276 617 383 659 carmen
404 605 462 659 sine
483 602 564 658 dubio
579 601 741 658 Maecenas
764 609 792 656 et
808 599 930 670 Caesar,
955 615 1074 672 quorum
1094 600 1133 656 ill·

122 687 241 758 quamvis
256 685 377 743 nondum
392 695 466 743 tanta
480 686 659 742 familiaritate
670 684 816 758 Vergilium
828 683 964 757 amplexus
979 685 1135 757 impetratis

122 785 138 823 a
151 770 289 844 principe,
304 778 335 827 ut
350 771 408 826 aliis
424 772 451 827 ni
466 769 547 826 fallor
561 769 677 845 praediis
692 768 732 824 illi
747 767 852 824 donatis
868 768 937 822 vitae
953 774 982 823 et
996 768 1135 824 securitati

121 862 218 927 poetae
233 853 430 911 consuleretur.
462 871 542 928 quern
557 872 591 911 ne
607 863 714 928 optasse
730 851 837 925 quidem
851 849 990 924 probabile
1005 860 1050 908 est
1064 861 1096 909 ut
1109 853 1135 907 in

122 938 257 1010 rapacium
278 940 462 1012 atrocinmque
489 938 604 994 militum
625 939 721 994 vicinia
740 936 817 991 novis
844 933 971 1009 periculis
995 937 1134 1010 expositus

122 1012 280 1092 manerst2).
321 1022 378 1078 sive
404 1032 493 1078 autem
518 1023 622 1096 aliquae
647 1022 709 1076 Vari
735 1034 844 1094 quoque
870 1021 898 1074 in
923 1019 1134 1076 commendando

122 1105 291 1178 imperatoris
307 1103 520 1180 magnificentiae
540 1115 622 1180 poeta
641 1112 731 1179 partes
751 1103 861 1159 fucrant
874 1103 932 1158 sive
947 1105 1049 1160 veteris
1066 1106 1134 1160 cius·

122 1201 175 1260 que
193 1190 330 1262 potentis,
358 1206 518 1264 quamquam
538 1190 632 1246 inertis
653 1189 731 1244 amici
752 1187 871 1244 savorem
890 1185 979 1242 noluit
999 1187 1133 1262 Vergilius

121 1271 201 1344 plane
215 1274 351 1337 amittere,
374 1290 434 1329 cnm
455 1273 548 1329 laudes
564 1275 621 1329 eins
642 1273 751 1328 heroico
767 1273 883 1328 carmine
898 1269 1051 1326 celebrandi
1072 1287 1133 1328 con·

122 1353 211 1410 silium
226 1354 397 1430 deposuisset
412 1356 473 1430 (ecl.
487 1357 520 1412 Vl
536 1356 647 1431 2sqq.),
663 1372 762 1411 namen
776 1364 865 1411 tamen
880 1355 942 1409 Vari
955 1356 1130 1429 praescripsit

122 1438 233 1512 eclogae
253 1447 370 1511 scalae,
401 1457 453 1515 qna
473 1440 557 1497 Sileni
584 1456 701 1514 persona
721 1455 786 1495 usus
807 1448 835 1494 et
855 1437 960 1495 Sironis
982 1440 1132 1496 communis

122 1522 244 1595 magistri
262 1537 372 1579 suavem
392 1525 547 1584 memoriam
568 1525 592 1580 ei
612 1524 700 1599 lepide
720 1530 859 1580 revocaret
880 1531 909 1579 et
929 1520 1047 1579 Cornelii
1068 1521 1132 1580 Galli

121 1611 219 1678 poetae
233 1612 291 1661 tum
306 1606 453 1681 elegiarum
469 1607 607 1664 clarissimi
627 1608 767 1683 ingenium
783 1606 902 1662 divinum
916 1599 1131 1679 veneraretnril.

122 1689 215 1744 Asinio
242 1705 306 1766 vero
335 1689 452 1747 Pollioni
478 1690 578 1766 duplici
606 1700 730 1767 poemate
759 1692 857 1766 gratias
886 1689 1007 1746 rettulit:
1038 1690 1134 1765 ecloga

121 1780 243 1845 quarta,
268 1789 321 1846 qua
334 1774 470 1832 saeculum
485 1791 597 1832 aureum
611 1775 731 1832 consulis
751 1776 835 1849 patris
851 1781 878 1830 et
892 1771 954 1836 filii,
977 1775 1023 1847 qui
1038 1782 1133 1848 postea

120 1853 149 1910 C.
165 1856 274 1914 Asinius
296 1857 387 1915 Gallus
408 1857 553 1915 Saloninus
574 1859 724 1933 appellatus
745 1867 800 1921 est,
821 1857 956 1914 nascentis
978 1872 1049 1914 anno
1072 1857 1133 1915 714

187 2069 211 2136 1)
231 2075 304 2124 ‘la‘nc
320 2073 422 2124 Romam
437 2075 537 2138 perpit,
557 2079 582 2122 et
599 2071 732 2124 Cornelius
744 2079 820 2137 atque
838 2070 931 2120 Macer
948 2071 987 2119 illi
1003 2073 1132 2123 contiliaco

120 2135 197 2188 dant’
217 2139 301 2192 schol.
318 2139 401 2191 Bern.
418 2141 448 2190 in
467 2140 517 2191 ecl.
535 2141 576 2190 IX
594 2154 699 2205 argum.

186 2201 209 2268 i)
227 2208 291 2256 ‘sed
299 2215 393 2270 pastea
405 2214 431 2258 et
439 2224 492 2271 per
501 2208 719 2258 Maecenatem
736 2213 762 2255 et
772 2221 821 2270 per
833 2204 976 2255 triumviros
987 2207 1060 2269 apris
1069 2208 1131 2256 dioi-

119 2271 211 2321 dendis
226 2271 254 2320 V
250 2288 328 2333 aran,
340 2275 478 2326 Pollionem
487 2282 513 2324 et
525 2274 668 2324 Cornelium
681 2273 776 2323 Gallum
787 2273 857 2335 sama
866 2275 1000 2321 carminum
1009 2287 1131 2324 mmera-

119 2339 195 2388 datus
200 2336 316 2403 Aupustc
321 2347 347 2388 et
355 2355 432 2405 apros
439 2343 538 2403 recepit
546 2349 571 2391 et
581 2342 701 2403 deinceps
709 2340 872 2402 imperatoris
876 2339 1002 2401 familiari
1009 2342 1130 2391 arnieitia’

121 2402 181 2466 (sic.
195 2402 278 2469 Sang.
290 2420 376 2456 amare
388 2407 470 2458 Bsrn.
482 2404 555 2470 Par.)
574 2407 728 2469 ‘perfruitus
741 2404 788 2454 est'
800 2406 927 2456 Donatus
940 2407 1027 2471 praei.
1040 2406 1131 2458 bucol.

119 2470 135 2531 ἕ
153 2471 195 2521 63.
230 2471 412 2536 neglegenter
433 2488 466 2522 ex
484 2472 616 2523 Suetonio
635 2475 767 2535 excerpta
784 2471 912 2522 videntur
930 2487 1000 2538 quae
1023 2474 1053 2523 in
1072 2474 1131 2524 vita

120 2553 149 2602 p.
161 2539 194 2588 58
206 2551 247 2602 sq.
264 2539 391 2590 Donatus
408 2543 516 2588 narrat:
535 2540 585 2588 ‘ad
601 2537 714 2588 bardica
731 2541 835 2588 transiit
850 2541 958 2590 manime
975 2549 1004 2591 at
1015 2541 1130 2592 Asinium

121 2605 260 2655 Pollionem
285 2605 474 2670 Alprbenumpue
508 2604 603 2656 Varum
630 2611 655 2656 et
683 2604 824 2656 Cornelium
851 2606 946 2656 Gallum
977 2607 1122 2659 celebraret

120 2673 180 2736 quia
197 2675 223 2722 in
241 2671 416 2722 distributione
428 2687 558 2736 aprorum,
577 2674 620 2737 qai
633 2680 695 2736 past
710 2673 897 2736 Philippensem
914 2675 1046 2725 notoriam
1063 2682 1130 2725 cete·

119 2739 191 2788 ranis
209 2740 391 2790 triwncirorum
407 2740 476 2788 iussu
494 2747 566 2788 tram
588 2739 685 2789 Padum
702 2739 890 2798 dividebantur,
909 2741 1080 2792 indemnem
1097 2757 1130 2792 ee

119 2806 374 2867 praestitissent.
411 2807 503 2856 deinde
520 2805 625 2870 (edidit)
643 2808 763 2871 pecrpica
780 2807 942 2857 inhonorem
958 2807 1131 2858 Maecena·

119 2871 175 2929 tis,
194 2874 238 2935 qai
252 2872 315 2922 sibi
330 2875 537 2923 mediocriter
559 2873 659 2923 adduc
675 2880 746 2924 noto
764 2888 869 2937 operam
886 2873 997 2924 tulisset'
1018 2891 1043 2926 e.
1063 2890 1088 2940 q.
1108 2890 1121 2925 a

120 2936 195 2999 (vide
208 2939 313 3002 snpra).
336 2938 448 2997 similia,
461 2939 512 2990 sed
524 2943 711 2990 contractiora
723 2940 809 2990 etiam
819 2939 926 2990 Probus
938 2956 964 3004 p.
979 2943 1028 2992 53:
1042 2944 1120 2992 ‘resti

119 3011 187 3054 tutas
203 3004 323 3067 beneficia
335 3007 448 3071 Alpabeni
462 3007 541 3067 Vari,
559 3007 646 3056 Asinii
661 3007 786 3057 Pollionis
803 3014 829 3057 et
849 3007 959 3056 Cornelii
976 3009 1054 3066 Galli,
1075 3010 1129 3074 qui·

81 3081 83 3087 ⁴
118 3071 164 3120 das
180 3072 207 3120 in
223 3071 342 3124 bucolicis
353 3071 489 3124 adulator!
524 3089 576 3124 nec
587 3073 695 3124 Phocas
712 3088 756 3123 vv.
776 3075 884 3124 84—93
902 3089 992 3123 rerum
1004 3074 1131 3125 ordinem

119 3137 277 3189 accuratius
295 3142 417 3204 quamvis
434 3141 579 3192 verbosius
596 3144 758 3205 persecutus
781 3145 832 3191 est.
869 3140 905 3189 cf.
929 3145 1076 3204 praeterea
1096 3142 1129 3192 ds

118 3202 283 3255 Maecenate
304 3207 442 3257 Martialis
459 3207 526 3260 VllI
544 3209 588 3266 56,
612 3210 628 3258 9
650 3212 679 3258 et
702 3222 812 3258 carmen
836 3206 872 3256 ad
894 3206 986 3258 Pison.
1006 3209 1056 3260 218
1069 3223 1129 3274 sqq.

186 3269 207 3334 ³)
227 3273 342 3324 ‘Varum
367 3289 428 3338 erpo
447 3275 615 3339 prosequitur
636 3275 684 3324 lucc
706 3275 822 3337 epicedio
845 3309 851 3323 .
874 3311 881 3325 .
904 3307 911 3321 .
935 3272 1046 3324 Silenum
1067 3291 1129 3327 aero

119 3335 214 3388 Sirone
230 3340 403 3404 plitasopanm
419 3343 471 3391 nult
492 3342 618 3405 intellepi:
640 3357 696 3391 nam
713 3340 807 3390 Sirena
824 3347 851 3390 et
870 3340 999 3403 Verpilius
1020 3340 1127 3394 audicit’

119 3402 204 3455 schol.
213 3405 312 3456 Veron.
328 3407 363 3457 ad
377 3407 473 3461 eclVI
482 3409 506 3458 6.
527 3414 619 3457 cetera
629 3407 692 3458 vide
702 3422 786 3470 supra
799 3411 827 3456 et
839 3407 868 3455 in
880 3405 1003 3472 prolegg.
1015 3411 1073 3470 p.8.
1087 3412 1127 3459 11.

119 3471 283 3589 ffisffipud
301 3473 427 3591 pervintrn
448 3473 560 3591 a‘baeel‘
578 3475 618 3592 VtI
634 3475 667 3524 26
684 3475 714 3523 in
727 3473 789 3589 sulp
810 3471 939 3589 lgpdepsi
956 3476 1035 3590 1580
1052 3480 1128 3528 teste

145 3569 153 3587 .
235 3554 286 3590 one
320 3556 440 3607 egunur
511 3557 540 3592 ec
563 3557 645 3592 auem
667 3556 748 3592 aranea
788 3555 802 3588 e
840 3555 890 3589 aen
928 3556 945 3589 a
1004 3555 1128 3609 eopcmpo
