2512 4096
415 781 458 857 P.
481 779 701 857 vunnim
721 731 952 880 unnomsf
987 827 990 831 >

283 953 285 959 ’
341 953 386 1050 Α
438 953 578 1050 EN
630 949 849 1048 EID
902 945 946 1048 Ο
1001 945 1037 1045 S

537 1125 654 1183 tinen
675 1121 830 1181 PRIMVS.

223 1465 311 1525 Arma
333 1465 486 1541 virumque
509 1477 599 1529 cano,
627 1457 735 1520 Troiae
757 1458 808 1537 qui
825 1457 938 1536 primus
952 1440 995 1514 =ab
1021 1451 1099 1512 oris·

182 1548 293 1611 ltaliam
313 1548 372 1609 tato
395 1545 538 1624 profugus
560 1544 735 1622 Laviniaque
757 1543 836 1603 venit
1023 1556 1026 1561 ·

181 1631 284 1703 litora,
310 1631 435 1693 multum
457 1629 505 1691 ille
528 1635 556 1689 et
575 1629 663 1690 terris
686 1629 808 1689 iactatus
828 1631 856 1686 et
877 1623 936 1684 alto
1061 1696 1063 1700 ι

181 1718 210 1778 ri
232 1733 374 1795 superum
393 1731 496 1775 saevae
517 1730 679 1775 memorem
699 1711 820 1773 Iunonis
843 1708 880 1770 oh
902 1708 993 1777 iram,
1050 1771 1074 1781 ..

182 1799 274 1864 multa
296 1818 413 1880 quoque
435 1806 464 1859 et
484 1796 562 1859 hello
584 1815 703 1876 passus,
727 1794 956 1857 dum'oonderet
975 1789 1085 1852 urbem
1164 1819 1167 1824 ·
1190 1801 1205 1851 o

183 1885 365 1964 inferretque
387 1885 458 1946 deos
476 1882 573 1953 Latio,
598 1900 692 1961 genus
712 1881 791 1944 unde
813 1879 949 1942 Latinum

183 1968 347 2050 Albanique
368 1976 469 2048 patres
485 1973 573 2046 atque
593 1965 669 2029 altae
689 1965 804 2040 moenia
824 1965 945 2026 Romae.

184 2054 283 2124 Musa,
303 2054 375 2115 mihi
393 2070 497 2115 causae
517 2069 665 2120 memora,
689 2070 747 2131 quo
769 2051 889 2112 numine
909 2047 989 2108 laeso

187 2138 295 2225 quidne
313 2136 416 2200 dolens
437 2137 538 2216 regina
561 2137 648 2199 deum
670 2142 714 2196 tot
736 2135 852 2198 volrere
875 2149 960 2195 casus

185 2222 331 2296 insignem
356 2224 463 2300 pietate
483 2223 595 2293 virum,
615 2228 658 2282 tot
679 2221 760 2287 adire
781 2219 899 2282 labores

186 2302 336 2381 inpulerit.
380 2312 517 2366 tantaene
536 2305 641 2365 animis
662 2303 836 2366 caelestibus
858 2303 938 2365 irae?

229 2386 308 2450 Urbs
329 2389 447 2467 antiqua
469 2388 523 2448 init
544 2387 635 2468 (Tyrii
656 2396 778 2449 tonuere
802 2388 907 2465 coloni)

187 2469 352 2549 Karthago,
374 2469 486 2532 ltaliam
508 2477 610 2531 eontra
631 2470 828 2551 Tiberinaque
849 2472 938 2550 longe

188 2556 275 2626 ostia,
300 2554 379 2615 dives
397 2572 487 2632 opum
510 2553 672 2634 studiisque
690 2557 852 2634 asperrima
873 2555 957 2626 belli3

189 2657 277 2720 quam
298 2639 372 2701 luno
393 2638 487 2699 fertur
511 2639 596 2700 terris
616 2641 711 2716 magis
733 2639 870 2701 omnibus
888 2658 978 2701 unam

188 2722 355 2803 posthabita
378 2721 501 2784 coluisse
525 2723 628 2784 Samo:
651 2723 700 2784 hio
718 2723 794 2786 illius
812 2742 909 2796 arma,

188 2807 238 2868 lrio
259 2823 364 2867 eurms
386 2802 453 2876 iuit;
476 2806 534 2867 hoo
555 2823 682 2886 regnum
701 2808 755 2871 dea
775 2809 917 2888 gentibus·
934 2826 999 2870 esee

189 2892 273 2970 siqua
295 2889 353 2951 iata
376 2891 486 2963 sinant,
505 2892 564 2953 iam
585 2900 646 2954 turn
670 2895 820 2972 tenditque
841 2894 987 2973 fovetque.

189 2976 362 3056 progeniem
384 2975 436 3037 sed
459 2976 536 3039 enim
558 2977 686 3040 Troiano
708 2998 724 3041 a
746 2981 889 3058 sanguine
911 2977 990 3045 duciv

190 3058 336 3128 audierat,
364 3059 466 3140 Tyrias
488 3061 556 3122 olim
577 3080 652 3141 quae
675 3071 802 3125 verteret
822 3081 922 3132 areee;

189 3143 259 3204 hine
281 3142 423 3222 populum
447 3144 505 3206 late
525 3163 626 3224 regom
648 3146 785 3226 belloque
808 3145 970 3224 superbum

190 3234 349 3289 venturum
369 3227 482 3289 excidio
504 3228 629 3309 Libyae:
659 3232 702 3291 sio
721 3230 838 3290 volvere
859 3247 973 3309 parcas.

190 3313 219 3375 id
240 3319 376 3374 metuens
398 3315 564 3392 veterisque
583 3330 697 3374 memor
719 3314 856 3375 Saturnia
876 3313 959 3383 belli,

190 3398 286 3477 prima
309 3397 388 3476 quod
410 3397 446 3457 ad
469 3397 586 3458 Troiam
608 3415 663 3477 pro
687 3399 762 3460 caris
784 3406 916 3478 gesserat
936 3397 1022 3474 Argis

193 3481 329 3545 ‘necdum
353 3483 438 3543 etiam
463 3500 568 3545 causae
589 3483 701 3546 irarum
723 3485 860 3551 saevique
881 3483 998 3545 dolores
