<?xml version="1.0" encoding="UTF-8"?>
<!DOCTYPE html PUBLIC "-//W3C//DTD XHTML 1.0 Transitional//EN"
    "http://www.w3.org/TR/xhtml1/DTD/xhtml1-transitional.dtd">
<html xmlns="http://www.w3.org/1999/xhtml" xml:lang="en" lang="en">
 <head>
  <title>
</title>
<meta http-equiv="Content-Type" content="text/html;charset=utf-8" />
  <meta name='ocr-system' content='tesseract 3.04.00' />
  <meta name='ocr-capabilities' content='ocr_page ocr_carea ocr_par ocr_line ocrx_word'/>
</head>
<body>
  <div class='ocr_page' id='page_1' title='image "./pvergilimaronis12virggoog/pvergilimaronis12virggoog_0165.png"; bbox 0 0 2512 4096; ppageno 0'>
   <div class='ocr_carea' id='block_1_1' title="bbox 166 233 850 296">
    <p class='ocr_par' dir='ltr' id='par_1_1' title="bbox 166 233 850 296">
     <span class='ocr_line' id='line_1_1' title="bbox 166 233 850 296; baseline -0.01 0"><span class='ocrx_word' id='word_1_1' title='bbox 166 233 224 296; x_wconf 78' lang='lat'><strong>132</strong></span> <span class='ocrx_word' id='word_1_2' title='bbox 264 236 266 240; x_wconf 71' lang='lat'><strong><em>‘</em></strong></span> <span class='ocrx_word' id='word_1_3' title='bbox 493 244 638 293; x_wconf 82' lang='lat' dir='ltr'><strong>vnaornr</strong></span> <span class='ocrx_word' id='word_1_4' title='bbox 660 243 786 292; x_wconf 79' lang='lat' dir='ltr'><strong>nonme</strong></span> <span class='ocrx_word' id='word_1_5' title='bbox 809 244 850 290; x_wconf 87' lang='lat'><strong>111</strong></span> 
     </span>
    </p>
   </div>
   <div class='ocr_carea' id='block_1_2' title="bbox 143 398 1043 3571">
    <p class='ocr_par' dir='ltr' id='par_1_2' title="bbox 161 398 1032 1316">
     <span class='ocr_line' id='line_1_2' title="bbox 163 398 1032 480; baseline -0.003 -18"><span class='ocrx_word' id='word_1_6' title='bbox 163 410 226 462; x_wconf 93' lang='lat' dir='ltr'><strong>tum</strong></span> <span class='ocrx_word' id='word_1_7' title='bbox 249 401 378 480; x_wconf 89' lang='lat' dir='ltr'><strong>genitor,</strong></span> <span class='ocrx_word' id='word_1_8' title='bbox 401 404 535 461; x_wconf 89' lang='lat' dir='ltr'><strong>veterum</strong></span> <span class='ocrx_word' id='word_1_9' title='bbox 555 398 672 460; x_wconf 88' lang='lat' dir='ltr'><strong>volvens</strong></span> <span class='ocrx_word' id='word_1_10' title='bbox 689 399 869 459; x_wconf 78' lang='lat' dir='ltr'><strong>mommenta</strong></span> <span class='ocrx_word' id='word_1_11' title='bbox 890 400 1032 471; x_wconf 89' lang='lat' dir='ltr'><strong>virorum,</strong></span> 
     </span>
     <span class='ocr_line' id='line_1_3' title="bbox 163 481 995 562; baseline -0.004 -17"><span class='ocrx_word' id='word_1_12' title='bbox 163 483 291 554; x_wconf 63' lang='lat' dir='ltr'><strong>‘audite</strong></span> <span class='ocrx_word' id='word_1_13' title='bbox 313 502 330 544; x_wconf 94' lang='lat' dir='ltr'><strong>o</strong></span> <span class='ocrx_word' id='word_1_14' title='bbox 351 481 516 562; x_wconf 88' lang='lat' dir='ltr'><strong>proceres,&#39;</strong></span> <span class='ocrx_word' id='word_1_15' title='bbox 535 484 575 543; x_wconf 91' lang='lat' dir='ltr'><strong>ait</strong></span> <span class='ocrx_word' id='word_1_16' title='bbox 598 490 643 543; x_wconf 88' lang='lat' dir='ltr'><strong>‘et</strong></span> <span class='ocrx_word' id='word_1_17' title='bbox 662 499 730 560; x_wconf 88' lang='lat' dir='ltr'><strong>spes</strong></span> <span class='ocrx_word' id='word_1_18' title='bbox 752 482 853 543; x_wconf 88' lang='lat' dir='ltr'><strong>discite</strong></span> <span class='ocrx_word' id='word_1_19' title='bbox 874 489 995 544; x_wconf 89' lang='lat' dir='ltr'><strong>vestras.</strong></span> 
     </span>
     <span class='ocr_line' id='line_1_4' title="bbox 163 564 917 646; baseline -0.003 -18"><span class='ocrx_word' id='word_1_20' title='bbox 163 567 249 628; x_wconf 88' lang='lat' dir='ltr'><strong>Creta</strong></span> <span class='ocrx_word' id='word_1_21' title='bbox 266 565 341 627; x_wconf 88' lang='lat' dir='ltr'><strong>lovis</strong></span> <span class='ocrx_word' id='word_1_22' title='bbox 361 569 460 646; x_wconf 90' lang='lat' dir='ltr'><strong>magni</strong></span> <span class='ocrx_word' id='word_1_23' title='bbox 481 566 578 628; x_wconf 87' lang='lat' dir='ltr'><strong>medio</strong></span> <span class='ocrx_word' id='word_1_24' title='bbox 599 568 676 627; x_wconf 91' lang='lat' dir='ltr'><strong>iacet</strong></span> <span class='ocrx_word' id='word_1_25' title='bbox 696 564 790 627; x_wconf 89' lang='lat' dir='ltr'><strong>insula</strong></span> <span class='ocrx_word' id='word_1_26' title='bbox 811 573 917 644; x_wconf 91' lang='lat' dir='ltr'><strong>ponto,</strong></span> 
     </span>
     <span class='ocr_line' id='line_1_5' title="bbox 162 647 924 728; baseline 0.001 -18"><span class='ocrx_word' id='word_1_27' title='bbox 162 668 247 710; x_wconf 90' lang='lat' dir='ltr'><strong>mons</strong></span> <span class='ocrx_word' id='word_1_28' title='bbox 267 649 372 712; x_wconf 89' lang='lat' dir='ltr'><strong>ldaeus</strong></span> <span class='ocrx_word' id='word_1_29' title='bbox 393 649 444 711; x_wconf 93' lang='lat' dir='ltr'><strong>ubi</strong></span> <span class='ocrx_word' id='word_1_30' title='bbox 467 657 496 713; x_wconf 90' lang='lat' dir='ltr'><strong>et</strong></span> <span class='ocrx_word' id='word_1_31' title='bbox 514 651 609 728; x_wconf 85' lang='lat' dir='ltr'><strong>gentis</strong></span> <span class='ocrx_word' id='word_1_32' title='bbox 631 647 777 711; x_wconf 89' lang='lat' dir='ltr'><strong>cunabula</strong></span> <span class='ocrx_word' id='word_1_33' title='bbox 797 656 924 711; x_wconf 89' lang='lat' dir='ltr'><strong>nostrae.</strong></span> 
     </span>
     <span class='ocr_line' id='line_1_6' title="bbox 163 732 1002 813; baseline 0.001 -20"><span class='ocrx_word' id='word_1_34' title='bbox 163 740 280 794; x_wconf 88' lang='lat' dir='ltr'><strong>centum</strong></span> <span class='ocrx_word' id='word_1_35' title='bbox 302 733 392 795; x_wconf 88' lang='lat' dir='ltr'><strong>urbes</strong></span> <span class='ocrx_word' id='word_1_36' title='bbox 412 733 545 796; x_wconf 89' lang='lat' dir='ltr'><strong>habitant</strong></span> <span class='ocrx_word' id='word_1_37' title='bbox 565 751 702 812; x_wconf 88' lang='lat' dir='ltr'><strong>magnas,</strong></span> <span class='ocrx_word' id='word_1_38' title='bbox 725 732 875 794; x_wconf 90' lang='lat' dir='ltr'><strong>uberrima</strong></span> <span class='ocrx_word' id='word_1_39' title='bbox 894 751 1002 813; x_wconf 73' lang='lat' dir='ltr'><strong>regna,</strong></span> 
     </span>
     <span class='ocr_line' id='line_1_7' title="bbox 161 816 951 897; baseline 0 -20"><span class='ocrx_word' id='word_1_40' title='bbox 161 818 306 878; x_wconf 86' lang='lat' dir='ltr'><strong>maximus</strong></span> <span class='ocrx_word' id='word_1_41' title='bbox 328 817 408 878; x_wconf 92' lang='lat' dir='ltr'><strong>unde</strong></span> <span class='ocrx_word' id='word_1_42' title='bbox 428 824 528 897; x_wconf 89' lang='lat' dir='ltr'><strong>pater,</strong></span> <span class='ocrx_word' id='word_1_43' title='bbox 556 818 580 877; x_wconf 88' lang='lat' dir='ltr'><strong>si</strong></span> <span class='ocrx_word' id='word_1_44' title='bbox 601 819 657 878; x_wconf 91' lang='lat' dir='ltr'><strong>rite</strong></span> <span class='ocrx_word' id='word_1_45' title='bbox 678 816 775 877; x_wconf 89' lang='lat' dir='ltr'><strong>audita</strong></span> <span class='ocrx_word' id='word_1_46' title='bbox 793 818 951 887; x_wconf 89' lang='lat' dir='ltr'><strong>recordor,</strong></span> 
     </span>
     <span class='ocr_line' id='line_1_8' title="bbox 161 899 970 981; baseline 0.001 -20"><span class='ocrx_word' id='word_1_47' title='bbox 161 899 295 962; x_wconf 83' lang='lat' dir='ltr'><strong>Teucrus</strong></span> <span class='ocrx_word' id='word_1_48' title='bbox 311 900 458 963; x_wconf 76' lang='lat' dir='ltr'>Rhoeteas</span> <span class='ocrx_word' id='word_1_49' title='bbox 478 901 608 981; x_wconf 91' lang='lat' dir='ltr'><strong>primum</strong></span> <span class='ocrx_word' id='word_1_50' title='bbox 627 907 671 962; x_wconf 93' lang='lat' dir='ltr'><strong>est</strong></span> <span class='ocrx_word' id='word_1_51' title='bbox 690 900 828 962; x_wconf 84' lang='lat' dir='ltr'><strong>advectus</strong></span> <span class='ocrx_word' id='word_1_52' title='bbox 850 902 879 961; x_wconf 93' lang='lat' dir='ltr'><strong>in</strong></span> <span class='ocrx_word' id='word_1_53' title='bbox 902 919 970 962; x_wconf 91' lang='lat' dir='ltr'><strong>oras</strong></span> 
     </span>
     <span class='ocr_line' id='line_1_9' title="bbox 161 983 1000 1065; baseline 0.002 -20"><span class='ocrx_word' id='word_1_54' title='bbox 161 984 329 1064; x_wconf 81' lang='lat' dir='ltr'><strong>optavitque</strong></span> <span class='ocrx_word' id='word_1_55' title='bbox 347 984 445 1047; x_wconf 92' lang='lat' dir='ltr'><strong>locum</strong></span> <span class='ocrx_word' id='word_1_56' title='bbox 466 1003 569 1064; x_wconf 90' lang='lat' dir='ltr'><strong>regno.</strong></span> <span class='ocrx_word' id='word_1_57' title='bbox 612 984 743 1065; x_wconf 85' lang='lat' dir='ltr'><strong>nondum</strong></span> <span class='ocrx_word' id='word_1_58' title='bbox 764 983 849 1046; x_wconf 91' lang='lat' dir='ltr'><strong>Ilium</strong></span> <span class='ocrx_word' id='word_1_59' title='bbox 872 992 901 1046; x_wconf 92' lang='lat' dir='ltr'><strong>et</strong></span> <span class='ocrx_word' id='word_1_60' title='bbox 917 1003 1000 1047; x_wconf 81' lang='lat' dir='ltr'><strong>arces</strong></span> 
     </span>
     <span class='ocr_line' id='line_1_10' title="bbox 162 1066 950 1148; baseline 0.001 -21"><span class='ocrx_word' id='word_1_61' title='bbox 162 1066 342 1148; x_wconf 77' lang='lat' dir='ltr'><strong>Pergameae</strong></span> <span class='ocrx_word' id='word_1_62' title='bbox 357 1075 511 1137; x_wconf 88' lang='lat' dir='ltr'><strong>steterant;</strong></span> <span class='ocrx_word' id='word_1_63' title='bbox 531 1067 703 1130; x_wconf 87' lang='lat' dir='ltr'><strong>babitabant</strong></span> <span class='ocrx_word' id='word_1_64' title='bbox 722 1067 846 1129; x_wconf 87' lang='lat' dir='ltr'><strong>vallibus</strong></span> <span class='ocrx_word' id='word_1_65' title='bbox 868 1069 950 1129; x_wconf 76' lang='lat' dir='ltr'><strong>imis.1</strong></span> 
     </span>
     <span class='ocr_line' id='line_1_11' title="bbox 163 1151 936 1232; baseline 0.001 -21"><span class='ocrx_word' id='word_1_66' title='bbox 163 1151 233 1212; x_wconf 92' lang='lat' dir='ltr'><strong>hinc</strong></span> <span class='ocrx_word' id='word_1_67' title='bbox 253 1159 347 1214; x_wconf 84' lang='lat' dir='ltr'><strong>mater</strong></span> <span class='ocrx_word' id='word_1_68' title='bbox 368 1151 473 1215; x_wconf 88' lang='lat' dir='ltr'><strong>cultrix</strong></span> <span class='ocrx_word' id='word_1_69' title='bbox 496 1151 595 1232; x_wconf 76' lang='lat' dir='ltr'><strong>Cybeli</strong></span> <span class='ocrx_word' id='word_1_70' title='bbox 616 1151 848 1231; x_wconf 79' lang='lat' dir='ltr'>Corybantiaque</span> <span class='ocrx_word' id='word_1_71' title='bbox 869 1169 936 1212; x_wconf 89' lang='lat' dir='ltr'><strong>aera</strong></span> 
     </span>
     <span class='ocr_line' id='line_1_12' title="bbox 163 1235 908 1316; baseline 0 -20"><span class='ocrx_word' id='word_1_72' title='bbox 163 1235 342 1316; x_wconf 75' lang='lat' dir='ltr'>Idaeumque</span> <span class='ocrx_word' id='word_1_73' title='bbox 363 1254 481 1306; x_wconf 87' lang='lat' dir='ltr'><strong>nemus;</strong></span> <span class='ocrx_word' id='word_1_74' title='bbox 504 1236 574 1297; x_wconf 91' lang='lat' dir='ltr'><strong>bino</strong></span> <span class='ocrx_word' id='word_1_75' title='bbox 590 1236 648 1297; x_wconf 83' lang='lat' dir='ltr'><strong>lida</strong></span> <span class='ocrx_word' id='word_1_76' title='bbox 669 1235 782 1297; x_wconf 88' lang='lat' dir='ltr'><strong>silentia</strong></span> <span class='ocrx_word' id='word_1_77' title='bbox 803 1237 908 1305; x_wconf 87' lang='lat' dir='ltr'><strong>sacris,</strong></span> 
     </span>
    </p>

    <p class='ocr_par' dir='ltr' id='par_1_3' title="bbox 164 1319 877 1383">
     <span class='ocr_line' id='line_1_13' title="bbox 164 1319 877 1383; baseline 0.003 -4"><span class='ocrx_word' id='word_1_78' title='bbox 164 1326 192 1379; x_wconf 92' lang='lat' dir='ltr'><strong>et</strong></span> <span class='ocrx_word' id='word_1_79' title='bbox 214 1321 305 1380; x_wconf 84' lang='lat' dir='ltr'><strong>irmcti</strong></span> <span class='ocrx_word' id='word_1_80' title='bbox 327 1338 448 1383; x_wconf 88' lang='lat' dir='ltr'><strong>currum</strong></span> <span class='ocrx_word' id='word_1_81' title='bbox 470 1320 607 1382; x_wconf 91' lang='lat' dir='ltr'><strong>dominae</strong></span> <span class='ocrx_word' id='word_1_82' title='bbox 628 1319 746 1383; x_wconf 91' lang='lat' dir='ltr'><strong>subiere</strong></span> <span class='ocrx_word' id='word_1_83' title='bbox 767 1319 877 1383; x_wconf 90' lang='lat' dir='ltr'><strong>leones.</strong></span> 
     </span>
    </p>

    <p class='ocr_par' dir='ltr' id='par_1_4' title="bbox 162 1404 1022 1567">
     <span class='ocr_line' id='line_1_14' title="bbox 163 1404 1022 1483; baseline 0.006 -22"><span class='ocrx_word' id='word_1_84' title='bbox 163 1419 234 1480; x_wconf 92' lang='lat' dir='ltr'><strong>ergo</strong></span> <span class='ocrx_word' id='word_1_85' title='bbox 257 1405 348 1480; x_wconf 85' lang='lat' dir='ltr'><strong>agite,</strong></span> <span class='ocrx_word' id='word_1_86' title='bbox 370 1412 400 1466; x_wconf 91' lang='lat' dir='ltr'><strong>et</strong></span> <span class='ocrx_word' id='word_1_87' title='bbox 421 1404 518 1466; x_wconf 90' lang='lat' dir='ltr'><strong>divom</strong></span> <span class='ocrx_word' id='word_1_88' title='bbox 539 1404 728 1481; x_wconf 84' lang='lat' dir='ltr'><strong>ducuntque</strong></span> <span class='ocrx_word' id='word_1_89' title='bbox 750 1406 827 1466; x_wconf 89' lang='lat' dir='ltr'><strong>iussa</strong></span> <span class='ocrx_word' id='word_1_90' title='bbox 849 1422 1022 1483; x_wconf 91' lang='lat' dir='ltr'><strong>sequamur,</strong></span> 
     </span>
     <span class='ocr_line' id='line_1_15' title="bbox 162 1485 883 1567; baseline 0.006 -22"><span class='ocrx_word' id='word_1_91' title='bbox 162 1485 312 1564; x_wconf 81' lang='lat' dir='ltr'><strong>placemus</strong></span> <span class='ocrx_word' id='word_1_92' title='bbox 334 1495 436 1549; x_wconf 88' lang='lat' dir='ltr'><strong>ventos</strong></span> <span class='ocrx_word' id='word_1_93' title='bbox 456 1495 485 1550; x_wconf 90' lang='lat' dir='ltr'><strong>et</strong></span> <span class='ocrx_word' id='word_1_94' title='bbox 502 1488 607 1551; x_wconf 88' lang='lat' dir='ltr'><strong>Cnosia</strong></span> <span class='ocrx_word' id='word_1_95' title='bbox 626 1505 719 1567; x_wconf 89' lang='lat' dir='ltr'><strong>regua</strong></span> <span class='ocrx_word' id='word_1_96' title='bbox 738 1495 883 1567; x_wconf 91' lang='lat' dir='ltr'><strong>petamus.</strong></span> 
     </span>
    </p>

    <p class='ocr_par' dir='ltr' id='par_1_5' title="bbox 162 1569 955 1717">
     <span class='ocr_line' id='line_1_16' title="bbox 162 1569 955 1651; baseline 0.004 -22"><span class='ocrx_word' id='word_1_97' title='bbox 162 1587 219 1630; x_wconf 91' lang='lat' dir='ltr'><strong>nec</strong></span> <span class='ocrx_word' id='word_1_98' title='bbox 239 1569 328 1648; x_wconf 86' lang='lat' dir='ltr'><strong>longo</strong></span> <span class='ocrx_word' id='word_1_99' title='bbox 352 1571 459 1632; x_wconf 88' lang='lat' dir='ltr'><strong>distant</strong></span> <span class='ocrx_word' id='word_1_100' title='bbox 478 1589 581 1634; x_wconf 88' lang='lat' dir='ltr'><strong>cursu:</strong></span> <span class='ocrx_word' id='word_1_101' title='bbox 603 1571 691 1632; x_wconf 91' lang='lat' dir='ltr'><strong>modo</strong></span> <span class='ocrx_word' id='word_1_102' title='bbox 715 1571 846 1651; x_wconf 89' lang='lat' dir='ltr'><strong>luppiter</strong></span> <span class='ocrx_word' id='word_1_103' title='bbox 866 1572 955 1642; x_wconf 90' lang='lat' dir='ltr'><strong>adsit,</strong></span> 
     </span>
     <span class='ocr_line' id='line_1_17' title="bbox 162 1653 871 1717; baseline 0.003 -3"><span class='ocrx_word' id='word_1_104' title='bbox 162 1656 248 1714; x_wconf 89' lang='lat' dir='ltr'><strong>tertia</strong></span> <span class='ocrx_word' id='word_1_105' title='bbox 267 1653 318 1715; x_wconf 88' lang='lat' dir='ltr'><strong>lux</strong></span> <span class='ocrx_word' id='word_1_106' title='bbox 341 1654 463 1717; x_wconf 78' lang='lat' dir='ltr'><strong>classem</strong></span> <span class='ocrx_word' id='word_1_107' title='bbox 486 1655 615 1717; x_wconf 83' lang='lat' dir='ltr'><strong>Cretaeis</strong></span> <span class='ocrx_word' id='word_1_108' title='bbox 635 1657 718 1717; x_wconf 88' lang='lat' dir='ltr'><strong>sistet</strong></span> <span class='ocrx_word' id='word_1_109' title='bbox 738 1657 768 1715; x_wconf 94' lang='lat' dir='ltr'><strong>in</strong></span> <span class='ocrx_word' id='word_1_110' title='bbox 786 1655 871 1717; x_wconf 61' lang='lat' dir='ltr'><strong>ocis!</strong></span> 
     </span>
    </p>

    <p class='ocr_par' dir='ltr' id='par_1_6' title="bbox 162 1737 841 1810">
     <span class='ocr_line' id='line_1_18' title="bbox 162 1737 841 1810; baseline 0.004 -14"><span class='ocrx_word' id='word_1_111' title='bbox 162 1737 205 1797; x_wconf 90' lang='lat' dir='ltr'><strong>sic</strong></span> <span class='ocrx_word' id='word_1_112' title='bbox 224 1737 300 1799; x_wconf 86' lang='lat' dir='ltr'><strong>latus</strong></span> <span class='ocrx_word' id='word_1_113' title='bbox 322 1740 443 1801; x_wconf 89' lang='lat' dir='ltr'><strong>meritos</strong></span> <span class='ocrx_word' id='word_1_114' title='bbox 465 1741 523 1800; x_wconf 88' lang='lat' dir='ltr'><strong>aris</strong></span> <span class='ocrx_word' id='word_1_115' title='bbox 541 1741 678 1800; x_wconf 75' lang='lat' dir='ltr'><strong>mactavit</strong></span> <span class='ocrx_word' id='word_1_116' title='bbox 698 1740 841 1810; x_wconf 88' lang='lat' dir='ltr'><strong>honores,</strong></span> 
     </span>
    </p>

    <p class='ocr_par' dir='ltr' id='par_1_7' title="bbox 162 1821 1016 1986">
     <span class='ocr_line' id='line_1_19' title="bbox 162 1821 964 1902; baseline 0.001 -22"><span class='ocrx_word' id='word_1_117' title='bbox 162 1826 280 1882; x_wconf 71' lang='lat' dir='ltr'><strong>murum</strong></span> <span class='ocrx_word' id='word_1_118' title='bbox 298 1821 448 1900; x_wconf 88' lang='lat' dir='ltr'><strong>Neptuno,</strong></span> <span class='ocrx_word' id='word_1_119' title='bbox 474 1829 593 1884; x_wconf 90' lang='lat' dir='ltr'><strong>taurum</strong></span> <span class='ocrx_word' id='word_1_120' title='bbox 613 1822 681 1893; x_wconf 89' lang='lat' dir='ltr'><strong>tibi,</strong></span> <span class='ocrx_word' id='word_1_121' title='bbox 705 1822 828 1902; x_wconf 83' lang='lat' dir='ltr'><strong>pulcher</strong></span> <span class='ocrx_word' id='word_1_122' title='bbox 846 1822 964 1900; x_wconf 78' lang='lat' dir='ltr'><strong>Apollo,</strong></span> 
     </span>
     <span class='ocr_line' id='line_1_20' title="bbox 162 1904 1016 1986; baseline 0.001 -22"><span class='ocrx_word' id='word_1_123' title='bbox 162 1904 278 1982; x_wconf 84' lang='lat' dir='ltr'><strong>nigram</strong></span> <span class='ocrx_word' id='word_1_124' title='bbox 301 1905 397 1967; x_wconf 89' lang='lat' dir='ltr'><strong>lliemi</strong></span> <span class='ocrx_word' id='word_1_125' title='bbox 416 1906 575 1985; x_wconf 84' lang='lat' dir='ltr'><strong>pecudem,</strong></span> <span class='ocrx_word' id='word_1_126' title='bbox 598 1906 738 1986; x_wconf 80' lang='lat' dir='ltr'><strong>Zephyris</strong></span> <span class='ocrx_word' id='word_1_127' title='bbox 757 1905 890 1968; x_wconf 79' lang='lat' dir='ltr'><strong>felicibus</strong></span> <span class='ocrx_word' id='word_1_128' title='bbox 912 1904 1016 1967; x_wconf 78' lang='lat' dir='ltr'><strong>albam,</strong></span> 
     </span>
    </p>

    <p class='ocr_par' dir='ltr' id='par_1_8' title="bbox 205 1987 945 2070">
     <span class='ocr_line' id='line_1_21' title="bbox 205 1987 945 2070; baseline 0.003 -22"><span class='ocrx_word' id='word_1_129' title='bbox 205 1988 295 2049; x_wconf 83' lang='lat' dir='ltr'><strong>Fama</strong></span> <span class='ocrx_word' id='word_1_130' title='bbox 314 1987 392 2050; x_wconf 90' lang='lat' dir='ltr'><strong>volat</strong></span> <span class='ocrx_word' id='word_1_131' title='bbox 409 1989 528 2067; x_wconf 90' lang='lat' dir='ltr'><strong>pulsum</strong></span> <span class='ocrx_word' id='word_1_132' title='bbox 548 1992 648 2070; x_wconf 90' lang='lat' dir='ltr'><strong>regnis</strong></span> <span class='ocrx_word' id='word_1_133' title='bbox 673 1991 795 2052; x_wconf 87' lang='lat' dir='ltr'><strong>cessisse</strong></span> <span class='ocrx_word' id='word_1_134' title='bbox 815 1992 945 2068; x_wconf 91' lang='lat' dir='ltr'><strong>paternis</strong></span> 
     </span>
    </p>

    <p class='ocr_par' dir='ltr' id='par_1_9' title="bbox 163 2069 912 2151">
     <span class='ocr_line' id='line_1_22' title="bbox 163 2069 912 2151; baseline 0.005 -19"><span class='ocrx_word' id='word_1_135' title='bbox 163 2069 321 2151; x_wconf 82' lang='lat' dir='ltr'><strong>Idomenea</strong></span> <span class='ocrx_word' id='word_1_136' title='bbox 344 2073 463 2143; x_wconf 91' lang='lat' dir='ltr'><strong>ducem,</strong></span> <span class='ocrx_word' id='word_1_137' title='bbox 488 2074 664 2151; x_wconf 80' lang='lat' dir='ltr'><strong>desertaque</strong></span> <span class='ocrx_word' id='word_1_138' title='bbox 684 2074 768 2135; x_wconf 91' lang='lat' dir='ltr'><strong>litore</strong></span> <span class='ocrx_word' id='word_1_139' title='bbox 793 2073 912 2143; x_wconf 85' lang='lat' dir='ltr'><strong>Cretae,</strong></span> 
     </span>
    </p>

    <p class='ocr_par' dir='ltr' id='par_1_10' title="bbox 143 2154 1016 2821">
     <span class='ocr_line' id='line_1_23' title="bbox 163 2154 951 2236; baseline 0.005 -22"><span class='ocrx_word' id='word_1_140' title='bbox 163 2154 247 2216; x_wconf 89' lang='lat' dir='ltr'><strong>hoste</strong></span> <span class='ocrx_word' id='word_1_141' title='bbox 268 2160 373 2218; x_wconf 85' lang='lat' dir='ltr'><strong>vacare</strong></span> <span class='ocrx_word' id='word_1_142' title='bbox 392 2157 528 2227; x_wconf 90' lang='lat' dir='ltr'><strong>domurn,</strong></span> <span class='ocrx_word' id='word_1_143' title='bbox 550 2157 694 2236; x_wconf 89' lang='lat' dir='ltr'><strong>sedesque</strong></span> <span class='ocrx_word' id='word_1_144' title='bbox 713 2163 809 2219; x_wconf 89' lang='lat' dir='ltr'><strong>astare</strong></span> <span class='ocrx_word' id='word_1_145' title='bbox 825 2157 951 2220; x_wconf 89' lang='lat' dir='ltr'><strong>relictas.</strong></span> 
     </span>
     <span class='ocr_line' id='line_1_24' title="bbox 164 2240 876 2311; baseline 0.011 -17"><span class='ocrx_word' id='word_1_146' title='bbox 164 2240 296 2299; x_wconf 80' lang='lat' dir='ltr'><strong>nauticus</strong></span> <span class='ocrx_word' id='word_1_147' title='bbox 319 2243 450 2302; x_wconf 84' lang='lat' dir='ltr'><strong>exoritur</strong></span> <span class='ocrx_word' id='word_1_148' title='bbox 471 2243 552 2303; x_wconf 89' lang='lat' dir='ltr'><strong>vario</strong></span> <span class='ocrx_word' id='word_1_149' title='bbox 570 2243 729 2303; x_wconf 88' lang='lat' dir='ltr'><strong>certamine</strong></span> <span class='ocrx_word' id='word_1_150' title='bbox 751 2241 876 2311; x_wconf 89' lang='lat' dir='ltr'><strong>clamor;</strong></span> 
     </span>
     <span class='ocr_line' id='line_1_25' title="bbox 143 2322 919 2405; baseline 0.006 -24"><span class='ocrx_word' id='word_1_151' title='bbox 143 2322 319 2395; x_wconf 60' lang='lat' dir='ltr'><strong>,hortantur</strong></span> <span class='ocrx_word' id='word_1_152' title='bbox 340 2325 412 2384; x_wconf 90' lang='lat' dir='ltr'><strong>socii</strong></span> <span class='ocrx_word' id='word_1_153' title='bbox 436 2324 552 2387; x_wconf 80' lang='lat' dir='ltr'><strong>Cretam</strong></span> <span class='ocrx_word' id='word_1_154' title='bbox 573 2343 758 2405; x_wconf 86' lang='lat' dir='ltr'><strong>proavosque</strong></span> <span class='ocrx_word' id='word_1_155' title='bbox 776 2332 919 2404; x_wconf 89' lang='lat' dir='ltr'><strong>petamus.</strong></span> 
     </span>
     <span class='ocr_line' id='line_1_26' title="bbox 164 2404 947 2489; baseline 0.005 -25"><span class='ocrx_word' id='word_1_156' title='bbox 164 2404 320 2484; x_wconf 78' lang='lat' dir='ltr'><strong>linquimus</strong></span> <span class='ocrx_word' id='word_1_157' title='bbox 339 2406 475 2489; x_wconf 76' lang='lat' dir='ltr'><strong>Ortygiae</strong></span> <span class='ocrx_word' id='word_1_158' title='bbox 493 2415 597 2487; x_wconf 89' lang='lat' dir='ltr'><strong>portus</strong></span> <span class='ocrx_word' id='word_1_159' title='bbox 618 2409 781 2487; x_wconf 85' lang='lat' dir='ltr'><strong>pelagoque</strong></span> <span class='ocrx_word' id='word_1_160' title='bbox 801 2409 947 2477; x_wconf 90' lang='lat' dir='ltr'><strong>volamus,</strong></span> 
     </span>
     <span class='ocr_line' id='line_1_27' title="bbox 163 2488 1016 2570; baseline 0.004 -23"><span class='ocrx_word' id='word_1_161' title='bbox 163 2488 396 2570; x_wconf 84' lang='lat' dir='ltr'><strong>bacchatamque</strong></span> <span class='ocrx_word' id='word_1_162' title='bbox 416 2494 492 2569; x_wconf 88' lang='lat' dir='ltr'><strong>iugis</strong></span> <span class='ocrx_word' id='word_1_163' title='bbox 513 2491 629 2552; x_wconf 84' lang='lat' dir='ltr'><strong>Naxum</strong></span> <span class='ocrx_word' id='word_1_164' title='bbox 649 2492 830 2570; x_wconf 88' lang='lat' dir='ltr'><strong>viridemque</strong></span> <span class='ocrx_word' id='word_1_165' title='bbox 851 2493 1016 2560; x_wconf 83' lang='lat' dir='ltr'><strong>Donusam,</strong></span> 
     </span>
     <span class='ocr_line' id='line_1_28' title="bbox 164 2570 1016 2655; baseline 0 -23"><span class='ocrx_word' id='word_1_166' title='bbox 164 2570 303 2635; x_wconf 85' lang='lat' dir='ltr'><strong>Olearum</strong></span> <span class='ocrx_word' id='word_1_167' title='bbox 317 2576 490 2655; x_wconf 88' lang='lat' dir='ltr'><strong>niveamque</strong></span> <span class='ocrx_word' id='word_1_168' title='bbox 504 2574 613 2636; x_wconf 91' lang='lat' dir='ltr'><strong>Parum</strong></span> <span class='ocrx_word' id='word_1_169' title='bbox 636 2592 813 2653; x_wconf 88' lang='lat' dir='ltr'><strong>sparsasque</strong></span> <span class='ocrx_word' id='word_1_170' title='bbox 830 2592 884 2653; x_wconf 93' lang='lat' dir='ltr'><strong>per</strong></span> <span class='ocrx_word' id='word_1_171' title='bbox 905 2591 1016 2652; x_wconf 89' lang='lat' dir='ltr'><strong>aequor</strong></span> 
     </span>
     <span class='ocr_line' id='line_1_29' title="bbox 164 2656 974 2737; baseline 0 -21"><span class='ocrx_word' id='word_1_172' title='bbox 164 2656 303 2735; x_wconf 81' lang='lat' dir='ltr'><strong>Cycladas</strong></span> <span class='ocrx_word' id='word_1_173' title='bbox 318 2666 348 2720; x_wconf 91' lang='lat' dir='ltr'><strong>et</strong></span> <span class='ocrx_word' id='word_1_174' title='bbox 370 2657 482 2720; x_wconf 90' lang='lat' dir='ltr'><strong>crebris</strong></span> <span class='ocrx_word' id='word_1_175' title='bbox 503 2656 627 2737; x_wconf 89' lang='lat' dir='ltr'><strong>legimus</strong></span> <span class='ocrx_word' id='word_1_176' title='bbox 647 2657 722 2719; x_wconf 82' lang='lat' dir='ltr'><strong>irata</strong></span> <span class='ocrx_word' id='word_1_177' title='bbox 744 2659 858 2720; x_wconf 88' lang='lat' dir='ltr'><strong>consita</strong></span> <span class='ocrx_word' id='word_1_178' title='bbox 878 2658 974 2719; x_wconf 89' lang='lat' dir='ltr'><strong>terris.</strong></span> 
     </span>
     <span class='ocr_line' id='line_1_30' title="bbox 163 2742 898 2821; baseline 0.001 -21"><span class='ocrx_word' id='word_1_179' title='bbox 163 2744 352 2821; x_wconf 86' lang='lat' dir='ltr'><strong>prosequitur</strong></span> <span class='ocrx_word' id='word_1_180' title='bbox 367 2759 491 2821; x_wconf 78' lang='lat' dir='ltr'><strong>surgens</strong></span> <span class='ocrx_word' id='word_1_181' title='bbox 513 2760 530 2801; x_wconf 93' lang='lat' dir='ltr'><strong>a</strong></span> <span class='ocrx_word' id='word_1_182' title='bbox 553 2742 645 2820; x_wconf 93' lang='lat' dir='ltr'><strong>puppi</strong></span> <span class='ocrx_word' id='word_1_183' title='bbox 665 2749 769 2803; x_wconf 90' lang='lat' dir='ltr'><strong>ventus</strong></span> <span class='ocrx_word' id='word_1_184' title='bbox 791 2744 898 2811; x_wconf 89' lang='lat' dir='ltr'><strong>euntis,</strong></span> 
     </span>
    </p>

    <p class='ocr_par' dir='ltr' id='par_1_11' title="bbox 164 2823 917 2905">
     <span class='ocr_line' id='line_1_31' title="bbox 164 2823 917 2905; baseline 0.004 -23"><span class='ocrx_word' id='word_1_185' title='bbox 164 2833 193 2883; x_wconf 89' lang='lat' dir='ltr'><strong>et</strong></span> <span class='ocrx_word' id='word_1_186' title='bbox 215 2826 334 2887; x_wconf 90' lang='lat' dir='ltr'><strong>tandem</strong></span> <span class='ocrx_word' id='word_1_187' title='bbox 354 2826 480 2905; x_wconf 87' lang='lat' dir='ltr'><strong>antiquie</strong></span> <span class='ocrx_word' id='word_1_188' title='bbox 502 2824 642 2886; x_wconf 91' lang='lat' dir='ltr'><strong>Curetum</strong></span> <span class='ocrx_word' id='word_1_189' title='bbox 663 2823 827 2887; x_wconf 90' lang='lat' dir='ltr'><strong>adlabimur</strong></span> <span class='ocrx_word' id='word_1_190' title='bbox 849 2827 917 2886; x_wconf 87' lang='lat' dir='ltr'><strong>oris.</strong></span> 
     </span>
    </p>

    <p class='ocr_par' dir='ltr' id='par_1_12' title="bbox 162 2909 1034 3323">
     <span class='ocr_line' id='line_1_32' title="bbox 164 2909 848 2989; baseline 0.004 -22"><span class='ocrx_word' id='word_1_191' title='bbox 164 2925 235 2986; x_wconf 89' lang='lat' dir='ltr'><strong>ergo</strong></span> <span class='ocrx_word' id='word_1_192' title='bbox 258 2909 357 2971; x_wconf 88' lang='lat' dir='ltr'><strong>avidus</strong></span> <span class='ocrx_word' id='word_1_193' title='bbox 379 2927 481 2971; x_wconf 89' lang='lat' dir='ltr'><strong>muros</strong></span> <span class='ocrx_word' id='word_1_194' title='bbox 501 2916 617 2989; x_wconf 88' lang='lat' dir='ltr'><strong>optatae</strong></span> <span class='ocrx_word' id='word_1_195' title='bbox 638 2909 744 2973; x_wconf 89' lang='lat' dir='ltr'><strong>molior</strong></span> <span class='ocrx_word' id='word_1_196' title='bbox 765 2910 848 2971; x_wconf 88' lang='lat' dir='ltr'><strong>urbis</strong></span> 
     </span>
     <span class='ocr_line' id='line_1_33' title="bbox 163 2990 1034 3074; baseline -0.001 -23"><span class='ocrx_word' id='word_1_197' title='bbox 163 2990 413 3073; x_wconf 88' lang='lat' dir='ltr'><strong>Pergameamque</strong></span> <span class='ocrx_word' id='word_1_198' title='bbox 432 3011 520 3063; x_wconf 88' lang='lat' dir='ltr'><strong>voco,</strong></span> <span class='ocrx_word' id='word_1_199' title='bbox 544 3004 573 3056; x_wconf 93' lang='lat' dir='ltr'><strong>et</strong></span> <span class='ocrx_word' id='word_1_200' title='bbox 596 2994 701 3057; x_wconf 89' lang='lat' dir='ltr'><strong>laetam</strong></span> <span class='ocrx_word' id='word_1_201' title='bbox 723 2995 898 3074; x_wconf 88' lang='lat' dir='ltr'><strong>cognomine</strong></span> <span class='ocrx_word' id='word_1_202' title='bbox 917 2999 1034 3072; x_wconf 86' lang='lat' dir='ltr'><strong>gentem</strong></span> 
     </span>
     <span class='ocr_line' id='line_1_34' title="bbox 163 3073 942 3159; baseline 0.003 -25"><span class='ocrx_word' id='word_1_203' title='bbox 163 3073 269 3136; x_wconf 91' lang='lat' dir='ltr'><strong>hortor</strong></span> <span class='ocrx_word' id='word_1_204' title='bbox 291 3094 391 3138; x_wconf 90' lang='lat' dir='ltr'><strong>amare</strong></span> <span class='ocrx_word' id='word_1_205' title='bbox 411 3077 494 3138; x_wconf 86' lang='lat' dir='ltr'><strong>iocos</strong></span> <span class='ocrx_word' id='word_1_206' title='bbox 516 3096 673 3159; x_wconf 82' lang='lat' dir='ltr'><strong>arcemque</strong></span> <span class='ocrx_word' id='word_1_207' title='bbox 695 3077 828 3141; x_wconf 91' lang='lat' dir='ltr'><strong>attollere</strong></span> <span class='ocrx_word' id='word_1_208' title='bbox 848 3078 942 3140; x_wconf 87' lang='lat' dir='ltr'><strong>tectis.</strong></span> 
     </span>
     <span class='ocr_line' id='line_1_35' title="bbox 162 3157 941 3241; baseline 0.014 -23"><span class='ocrx_word' id='word_1_209' title='bbox 162 3157 280 3237; x_wconf 88' lang='lat' dir='ltr'><strong>iamque</strong></span> <span class='ocrx_word' id='word_1_210' title='bbox 303 3160 368 3222; x_wconf 85' lang='lat' dir='ltr'><strong>iere</strong></span> <span class='ocrx_word' id='word_1_211' title='bbox 391 3161 483 3240; x_wconf 90' lang='lat' dir='ltr'><strong>[sicco</strong></span> <span class='ocrx_word' id='word_1_212' title='bbox 506 3162 666 3225; x_wconf 88' lang='lat' dir='ltr'><strong>subductae</strong></span> <span class='ocrx_word' id='word_1_213' title='bbox 687 3162 773 3225; x_wconf 88' lang='lat' dir='ltr'><strong>litore</strong></span> <span class='ocrx_word' id='word_1_214' title='bbox 794 3178 909 3241; x_wconf 88' lang='lat' dir='ltr'><strong>puppes</strong></span> <span class='ocrx_word' id='word_1_215' title='bbox 918 3157 941 3238; x_wconf 76' lang='lat'><strong>3]</strong></span> 
     </span>
     <span class='ocr_line' id='line_1_36' title="bbox 164 3241 933 3323; baseline 0.001 -23"><span class='ocrx_word' id='word_1_216' title='bbox 164 3241 288 3304; x_wconf 88' lang='lat' dir='ltr'><strong>conubis</strong></span> <span class='ocrx_word' id='word_1_217' title='bbox 310 3246 444 3323; x_wconf 89' lang='lat' dir='ltr'><strong>arvisque</strong></span> <span class='ocrx_word' id='word_1_218' title='bbox 462 3247 545 3305; x_wconf 89' lang='lat' dir='ltr'><strong>novis</strong></span> <span class='ocrx_word' id='word_1_219' title='bbox 565 3253 685 3323; x_wconf 90' lang='lat' dir='ltr'><strong>operata</strong></span> <span class='ocrx_word' id='word_1_220' title='bbox 706 3248 853 3313; x_wconf 89' lang='lat' dir='ltr'><strong>iuventus,</strong></span> <span class='ocrx_word' id='word_1_221' title='bbox 932 3298 933 3301; x_wconf 74' lang='grc'>,</span> 
     </span>
    </p>

    <p class='ocr_par' dir='ltr' id='par_1_13' title="bbox 163 3322 1043 3571">
     <span class='ocr_line' id='line_1_37' title="bbox 163 3322 1043 3404; baseline -0.003 -20"><span class='ocrx_word' id='word_1_222' title='bbox 163 3327 228 3385; x_wconf 88' lang='lat' dir='ltr'><strong>iura</strong></span> <span class='ocrx_word' id='word_1_223' title='bbox 251 3326 413 3404; x_wconf 85' lang='lat' dir='ltr'><strong>domosque</strong></span> <span class='ocrx_word' id='word_1_224' title='bbox 435 3327 557 3388; x_wconf 81' lang='lat' dir='ltr'><strong>dabam:</strong></span> <span class='ocrx_word' id='word_1_225' title='bbox 578 3327 675 3389; x_wconf 85' lang='lat' dir='ltr'><strong>subito</strong></span> <span class='ocrx_word' id='word_1_226' title='bbox 697 3345 764 3388; x_wconf 91' lang='lat' dir='ltr'><strong>cum</strong></span> <span class='ocrx_word' id='word_1_227' title='bbox 785 3326 883 3387; x_wconf 90' lang='lat' dir='ltr'><strong>tabida</strong></span> <span class='ocrx_word' id='word_1_228' title='bbox 904 3322 1043 3385; x_wconf 83' lang='lat' dir='ltr'><strong>membris</strong></span> 
     </span>
     <span class='ocr_line' id='line_1_38' title="bbox 165 3409 861 3489; baseline -0.001 -20"><span class='ocrx_word' id='word_1_229' title='bbox 165 3416 305 3489; x_wconf 87' lang='lat' dir='ltr'><strong>corrupto</strong></span> <span class='ocrx_word' id='word_1_230' title='bbox 330 3409 402 3471; x_wconf 88' lang='lat' dir='ltr'><strong>caeli</strong></span> <span class='ocrx_word' id='word_1_231' title='bbox 422 3415 519 3471; x_wconf 90' lang='lat' dir='ltr'><strong>tractu</strong></span> <span class='ocrx_word' id='word_1_232' title='bbox 540 3411 764 3488; x_wconf 87' lang='lat' dir='ltr'><strong>miserandaque</strong></span> <span class='ocrx_word' id='word_1_233' title='bbox 783 3409 861 3470; x_wconf 92' lang='lat' dir='ltr'><strong>venit</strong></span> 
     </span>
     <span class='ocr_line' id='line_1_39' title="bbox 166 3490 899 3571; baseline -0.001 -17"><span class='ocrx_word' id='word_1_234' title='bbox 166 3490 381 3570; x_wconf 87' lang='lat' dir='ltr'><strong>arboribusque</strong></span> <span class='ocrx_word' id='word_1_235' title='bbox 405 3493 532 3571; x_wconf 89' lang='lat' dir='ltr'><strong>satisque</strong></span> <span class='ocrx_word' id='word_1_236' title='bbox 553 3493 617 3555; x_wconf 88' lang='lat' dir='ltr'><strong>lues</strong></span> <span class='ocrx_word' id='word_1_237' title='bbox 640 3502 668 3554; x_wconf 91' lang='lat' dir='ltr'><strong>et</strong></span> <span class='ocrx_word' id='word_1_238' title='bbox 688 3493 784 3556; x_wconf 81' lang='lat' dir='ltr'><strong>letifer</strong></span> <span class='ocrx_word' id='word_1_239' title='bbox 806 3511 899 3554; x_wconf 91' lang='lat' dir='ltr'><strong>annus</strong></span> 
     </span>
    </p>
   </div>
   <div class='ocr_carea' id='block_1_3' title="bbox 0 0 1260 4096">
    <p class='ocr_par' dir='ltr' id='par_1_14' title="bbox 0 0 1260 4096">
     <span class='ocr_line' id='line_1_40' title="bbox 0 0 1260 4096; baseline 0 0"><span class='ocrx_word' id='word_1_240' title='bbox 0 0 1260 4096; x_wconf 95' lang='lat' dir='ltr'><strong> </strong></span> 
     </span>
    </p>
   </div>
  </div>
 </body>
</html>
