2512 4096
428 764 974 907 nvnaomruonoms

268 1000 315 1098 G
371 1001 414 1097 Ε
475 999 519 1097 Ο
579 998 627 1094 R
687 997 733 1096 G
790 1001 817 1097 Ι
878 1001 916 1100 O
977 1003 1021 1101 Ο
1083 1005 1133 1103 N

530 1170 649 1230 LIBER
676 1172 865 1243 Qvnltrvs

630 1340 764 1348 -—-—

232 1488 376 1549 Protenus
398 1490 469 1550 adrii
491 1487 585 1549 mellis
607 1486 742 1549 caelestia
764 1489 840 1551 dona

190 1590 350 1651 exsequar:
377 1572 455 1633 bano
478 1573 581 1642 etiam,
605 1572 770 1640 Maecenas,
794 1575 891 1652 aspice
913 1580 1036 1651 partein.

190 1655 362 1756 admiraqda
382 1656 435 1716 tibi
456 1655 563 1717 levium
585 1655 751 1734 spectacula
772 1674 873 1717 rerum

189 1717 449 1820 magnanlmosque
472 1740 562 1800 duces
583 1741 730 1819 totiusque
753 1740 855 1802 ordine
878 1741 972 1818 gentis

189 1843 288 1887 mores
310 1831 340 1886 et
360 1823 456 1885 studia
479 1830 508 1884 et
529 1822 653 1903 populos
675 1832 704 1885 ot
725 1823 836 1903 proelia
858 1825 962 1884 dicam

189 1911 219 1970 in
241 1909 321 1971 tenui
342 1907 442 1977 labor;
465 1915 495 1968 at
516 1910 611 1969 tenuis
632 1926 692 1969 non
714 1907 821 1986 gloria,
844 1909 958 1988 siquem

189 1994 310 2055 numina
331 1992 413 2054 laeva
434 1992 533 2053 sinunt
555 1993 693 2073 auditque
714 1999 833 2053 vocatus
855 1990 967 2070 Apollo.

230 2077 377 2156 Principio
399 2076 484 2137 sedes
505 2076 608 2155 apibus
630 2076 773 2155 statioque
794 2077 930 2153 petenda,

190 2178 249 2238 quo
271 2178 367 2238 neque
389 2162 426 2221 sit
447 2162 540 2222 ventis
562 2162 656 2223 aditus
679 2160 757 2238 (nam
778 2159 887 2237 pabula
909 2163 987 2221 venti

190 2244 269 2304 serre
291 2243 411 2304 domum
432 2244 599 2323 prohibent)
622 2262 719 2322 neque
741 2261 809 2304 oves
830 2243 975 2322 haedique
995 2242 1106 2322 petulci
1177 2259 1208 2310 10

190 2325 313 2387 lloribus
334 2325 487 2397 insultent,
511 2334 560 2388 aut
582 2345 684 2387 errans
706 2325 812 2387 bocula
835 2345 938 2405 eampo
1224 2356 1227 2360 ’

190 2411 323 2472 decutiat·
337 2427 453 2480 rorem,
477 2419 505 2470 et
526 2411 673 2488 surgentis
695 2416 801 2469 atterat
821 2410 939 2471 herbas.

190 2493 286 2555 absint
308 2501 337 2553 et
357 2494 427 2572 picti
449 2493 608 2572 squalentia
630 2501 714 2570 terga
735 2491 837 2553 lacerti

188 2575 348 2657 pinguibus
369 2596 386 2637 a
408 2575 542 2644 stabulis,
565 2593 760 2653 meropesque
783 2574 914 2657 aliaeque
936 2580 1070 2642 volucres

189 2669 219 2724 et
239 2661 374 2722 manibus
395 2660 511 2720 Procne
531 2666 633 2736 pectus
655 2660 768 2735 signata
789 2663 932 2731 eruentis:

190 2747 287 2806 omnia
308 2762 377 2804 nam
398 2743 456 2804 late
477 2749 590 2803 vastant
611 2744 747 2823 ipsasque
768 2743 890 2807 volantis

190 2846 242 2890 ore
262 2828 362 2889 ferunt
384 2826 500 2889 dulcem
521 2826 597 2888 nidis
618 2827 768 2890 inmitibus
791 2848 897 2891 eseam.

189 2930 248 2973 neu
263 2911 391 2991 'propius
413 2914 498 2972 tectis
518 2918 618 2974 taxum
640 2915 718 2984 sine,
741 2932 814 2976 neve
835 2915 969 2978 rubentis

189 3015 243 3057 ure
264 2997 330 3056 fooo
353 3013 490 3064 canoros,
514 2996 589 3058 altae
610 3015 669 3059 neu
692 2998 779 3061 orode
800 2997 907 3077 paludi,

189 3087 240 3140 aut
261 3078 312 3140 ubi
334 3079 408 3140 odor
432 3080 630 3160 ononigravis
653 3091 703 3144 aut
722 3082 775 3144 ubi
797 3101 924 3144 concava
945 3083 1032 3162 pulsu

189 3181 258 3224 saxa
280 3170 385 3224 sonant
406 3165 543 3243 vocisque
565 3167 674 3228 offensa
695 3167 818 3228 resultat
838 3168 944 3245 imago.

190 3253 219 3308 at
240 3246 341 3325 liquidi
363 3247 458 3309 sontes
480 3254 509 3309 et
530 3258 632 3329 stagna
655 3252 776 3312 virentia
797 3268 899 3310 musco
967 3256 971 3263 ’

190 3330 286 3390 adsint
308 3337 336 3392 et
358 3333 453 3393 tenuis
475 3333 589 3413 lugiens
611 3353 665 3413 per
687 3334 819 3412 gramina
840 3335 928 3404 rivos,

189 3413 343 3493 palmaque
364 3416 540 3479 vestibulum
561 3425 612 3479 aut
632 3419 737 3496 ingens
759 3415 883 3478 oleaster
904 3417 1062 3488 inumbret,

189 3504 236 3566 ut.
260 3517 328 3559 eum
349 3499 443 3576 prima
465 3503 533 3563 novi
554 3501 817 3564 ducentexamina
839 3519 924 3580 reges
