2512 4096
118 279 158 341 οἳ
405 288 548 338 veneror
569 286 771 337 cnoaorcou
795 286 835 334 111

118 453 214 523 raptat
234 462 332 514 amor;
355 447 432 506 iuvat
454 447 496 505 ire
515 443 604 518 iugis,
629 461 686 520 qua
708 441 786 501 mrlla
809 442 941 519 priorum

119 526 271 590 Castaliam
292 527 372 589 molli
394 528 552 589 devertitur
574 525 668 586 orbita
690 524 772 586 clivo.

118 629 206 680 nunc,
228 611 392 673 veneranda
414 610 511 680 Pales,
534 623 640 685 magno
663 626 739 669 nunc
762 627 814 668 ore
836 609 1011 670 sonandum.

160 693 304 772 Incipiens
322 693 446 756 stabulis
468 694 550 754 edico
573 694 602 752 in
624 690 760 752 mollibus
782 691 904 752 herbam

119 796 240 857 carpere
262 780 335 848 ovis,
359 780 430 839 dum
451 773 519 837 mox'
541 775 678 836 frondosa
700 775 852 836 reducitur
874 783 977 845 aestas,

120 869 148 924 et
168 860 258 923 multa
280 863 384 924 duram
406 859 511 938 stipula
533 859 707 937 felicumque
729 857 862 936 maniplis

118 953 251 1008 sternere
272 953 372 1024 supter
394 945 529 1012 humum,
558 942 664 1020 glacies
686 960 723 1002 ne
745 942 848 1020 frigida
870 941 965 1002 laedat

119 1028 206 1091 molle
226 1048 331 1108 pecus,
354 1028 540 1104 scabiemque
560 1027 637 1086 ferat
657 1026 808 1104 turpisque
829 1026 982 1103 podagras.

119 1114 274 1191 posthinc
296 1113 443 1190 digressus
464 1110 550 1170 iubeo
574 1109 738 1170 frondentia
760 1112 855 1187 capris

119 1198 222 1258 arbuta
244 1196 379 1258 subicere
401 1201 430 1257 et
450 1193 553 1254 ssuvios
574 1192 718 1270 praebere
739 1194 875 1261 recentis,

120 1290 148 1342 et
169 1279 281 1342 stabula
304 1299 320 1341 a
341 1281 433 1340 ventis
454 1277 578 1338 hiberno
600 1293 749 1354 opponere
770 1276 823 1336 soli

120 1364 156 1424 ad
178 1364 306 1426 medium
329 1379 469 1424 conversa
491 1360 584 1429 diem,
608 1377 674 1419 cum
696 1359 818 1437 lrigidus
841 1360 908 1420 olim

120 1449 177 1508 iam
200 1447 275 1508 cadit
297 1453 487 1526 extremoque
508 1445 620 1507 inrorat
642 1444 778 1525 aquarius
800 1463 886 1507 anno.

122 1531 193 1591 haec
215 1549 331 1609 quoque
352 1549 412 1591 non
434 1549 505 1592 cura
524 1527 609 1591 nobis
629 1529 738 1592 leviore
760 1532 893 1600 tuendae,

121 1632 175 1675 neo
197 1615 292 1673 minor
314 1631 383 1675 usus
406 1614 475 1683 erit,
498 1613 627 1692 quamvis
648 1612 757 1675 blilesia
779 1632 885 1693 magno

122 1697 228 1759 vellera
248 1703 397 1758 mutentur
417 1696 521 1776 Tyrios
542 1698 654 1757 incocta
676 1697 815 1758 rubores:

122 1781 239 1842 densior
261 1780 329 1854 hinc
350 1778 482 1850 suboles,
503 1778 573 1840 binc
593 1780 666 1858 largi
689 1783 771 1859 copia
790 1782 886 1849 lactis;

122 1883 209 1943 quam
230 1865 322 1942 magis
344 1863 484 1925 exhausto
506 1864 683 1939 spumaverit
703 1864 796 1926 ubere
817 1864 949 1933 mulctra,

121 1947 195 2009 laeta
217 1949 309 2025 magis
330 1947 438 2026 pressis
460 1946 619 2007 manabunt
639 1944 758 2008 flumina
780 1950 921 2009 mammis.

120 2050 177 2092 nec
197 2033 293 2093 minus
314 2032 425 2092 interea
447 2028 554 2090 barbas
575 2031 736 2110 incanaque
758 2041 855 2093 menta

122 2115 253 2194 Cinyphii
275 2115 396 2175 tondent
417 2113 514 2191 hirqui
535 2120 687 2192 saetasque
710 2118 850 2176 comantis

124 2215 207 2258 arsum
229 2199 259 2258 in
281 2205 445 2259 castrorum
468 2203 496 2257 et
517 2198 630 2258 miseris
651 2196 792 2259 velamina
815 2201 918 2261 nautis.

14 2286 18 2293 ’
122 2287 280 2357 pascuntur
302 2299 371 2342 vero
393 2279 478 2339 silvas
500 2287 529 2339 et
549 2298 662 2341 summa
685 2281 788 2360 Lycaei

123 2363 326 2441 horrentisque
347 2361 438 2423 rubos
454 2369 483 2421 et
503 2365 625 2422 amantis
646 2365 737 2425 ardua
760 2365 878 2433 dumos;

122 2452 208 2524 atque
228 2447 308 2524 ipsae
330 2460 475 2506 memores
496 2444 620 2505 redeunt
639 2447 669 2505 in
690 2454 780 2519 tecta,
803 2466 928 2526 suosque

122 2529 247 2599 ducunt,
270 2534 298 2588 et
320 2527 438 2605 gravido
460 2533 599 2604 superant
620 2529 665 2588 vix
686 2529 778 2593 ubere
799 2532 897 2593 limen.

122 2628 192 2689 ergo
215 2613 295 2671 omni
316 2610 410 2670 studio
433 2607 553 2686 glaciem
576 2619 732 2693 ventosque
753 2615 863 2685 nivalis,

124 2715 180 2774 quo
202 2696 298 2755 ndnor
321 2700 365 2754 est
385 2691 440 2752 illis
462 2711 549 2754 curae
570 2696 700 2758 mortalis
723 2708 844 2777 egestas,

122 2785 248 2848 avertes,
270 2778 436 2854 rictumque
457 2776 533 2838 ieres
555 2785 583 2839 et
604 2781 701 2859 virgea
723 2783 815 2845 laetus

121 2861 242 2939 pabula,
265 2878 320 2921 nec
341 2865 401 2920 tota
423 2857 540 2922 claudes
560 2863 674 2925 faenilia
696 2866 810 2927 bruma.

121 2952 151 3006 at
173 2962 241 3006 vero
262 2943 395 3023 zephyris
418 2962 484 3005 cum
505 2944 579 3008 laeta
602 2948 772 3010 vocantibus
793 2956 896 3018 aestas,

121 3030 151 3088 in
172 3026 261 3089 saltus
282 3031 439 3106 utrumque
459 3047 579 3109 gregem
601 3040 687 3110 atque
708 3034 738 3093 in
759 3050 866 3110 pascua
888 3033 993 3092 mittes.

120 3111 234 3172 luciferi
254 3111 350 3188 primo
372 3129 438 3173 cum
459 3114 555 3177 sidere
576 3116 680 3194 frigida
701 3133 771 3177 rura

122 3211 289 3273 carpamus,
312 3193 382 3256 dum
403 3215 488 3259 mano
509 3216 629 3269 novom,
651 3199 721 3258 dum
743 3199 876 3274 gramina
896 3203 1009 3266 canent,

121 3284 150 3339 et
171 3294 221 3337 ros
241 3277 272 3337 in
294 3284 393 3340 tenera
415 3284 515 3359 pecori
536 3283 716 3360 gratissimus
737 3281 838 3341 herba.

120 3360 188 3423 inde
209 3360 260 3421 ubi
282 3369 384 3441 quarta
405 3366 482 3425 sitim
504 3365 577 3426 caeli
598 3362 747 3442 collegerit
768 3364 840 3424 hora

121 3451 150 3506 et
171 3453 258 3506 cantu
279 3445 417 3523 querulae
438 3453 575 3525 rumpent
595 3445 714 3507 arbusta
736 3448 861 3518 cicadae,

121 3528 158 3591 ad
179 3534 283 3608 puteos
305 3537 354 3590 aut
375 3529 431 3591 alta
453 3546 559 3610 greges
581 3530 617 3591 ad
639 3537 739 3608 stagna
760 3528 868 3592 iubebo
