2512 4096
200 243 263 306 294
532 247 677 296 venerer
699 246 826 295 reuma
849 246 873 292 x

201 414 231 473 in
253 408 382 469 Pallanta
405 407 454 468 diu
476 405 587 466 librans
608 405 677 464 iacit
698 410 786 480 atque
807 402 847 462 ita
868 402 965 462 latur:
1180 406 1218 459 ret

202 495 326 573 ‘aspice
347 509 418 552 num
439 508 524 568 mage
544 492 582 550 sit
602 493 736 548 nostrum
759 483 943 564 penetrabile
967 484 1088 546 telum!

202 578 330 644 dixerat;
354 585 383 636 at
404 573 539 653 clipeum,
563 579 606 633 tot
622 572 696 632 ferri
714 577 807 649 terga,
824 576 869 630 tot
890 570 978 640 aeris,

203 679 291 741 quem
311 658 397 740 pellis
418 660 525 719 totiens
547 656 634 718 obeat
656 654 837 716 circumdata
858 654 946 723 tauri,

202 743 327 806 vibranti
348 744 447 823 cuspis
467 741 597 803 medium
617 739 836 801 transverberat
856 739 917 799 ictu

200 829 370 907 loricaeque
389 844 489 888 moras
508 833 537 887 et
557 832 662 904 pectus
680 823 812 902 perrorat
830 824 945 902 iugens.
1059 874 1063 881 .
1183 832 1224 882 eet

201 913 251 974 ille
273 913 352 992 rapit
374 909 500 972 calidum
520 909 630 970 frustra
649 907 686 969 de
708 924 834 985 corpore
855 907 963 968 telum:

201 1015 260 1058 una
281 997 444 1073 eademque
464 994 510 1054 ria
533 995 652 1071 sanguis
673 992 845 1071 animusque
866 998 1022 1053 secuntur.

202 1083 314 1142 corruit
334 1081 365 1139 in
386 1077 490 1139 volnus
513 1075 652 1158 (sonitum
672 1093 763 1154 super
784 1093 867 1136 arma
888 1073 1010 1155 dedere)

202 1172 232 1227 et
250 1171 362 1225 terram
383 1162 519 1223 hostilem
541 1160 671 1221 moriens
692 1161 766 1237 petit
788 1177 840 1221 ore
863 1164 997 1220 cruento.

203 1267 291 1328 quem
313 1247 432 1308 Turnus
453 1263 543 1324 super
564 1244 707 1307 adsistens
1184 1254 1227 1304 Aet

218 1332 356 1399 Arcades,
378 1327 466 1392 haec’
486 1330 580 1409 inquit
603 1337 765 1390 ‘memores
786 1346 852 1389 mea
875 1326 952 1388 dicta
974 1326 1094 1389 reterre

201 1415 357 1476 Euandro:
380 1413 496 1494 qualem
518 1413 633 1483 meruit,
656 1411 787 1473 Pallanta
808 1411 935 1473 remitto.

203 1499 335 1578 quisquis
357 1499 452 1559 honos
472 1495 586 1567 tumuli,
610 1495 751 1575 quidquid
773 1495 906 1557 solamen
926 1495 1077 1557 humandi
1102 1508 1159 1565 est,

202 1581 321 1661 largior.
351 1583 423 1643 haut
443 1580 485 1641 illi
506 1579 626 1642 stabunt
647 1580 756 1642 Aeneia
777 1582 869 1660 pario

204 1664 348 1745 hospitia!
385 1673 415 1726 et
432 1664 515 1726 laevo
537 1665 645 1743 pressit
665 1664 740 1742 pede
759 1664 828 1726 talia
847 1664 924 1724 latus
1182 1675 1226 1728 ret

204 1751 376 1820 exanimem,
396 1749 515 1828 rapiens
532 1749 661 1809 inmania
682 1750 814 1826 pondera
836 1745 926 1810 baltei

202 1836 430 1914 impressumque
453 1832 553 1894 nefas:
576 1849 634 1894 una
658 1832 714 1893 sub
736 1840 823 1895 nocte
843 1830 933 1908 iugali

203 1937 288 1980 caesa
310 1934 414 1980 manus
435 1918 576 1978 iuvenum
597 1915 683 1978 foede
702 1915 882 1996 thalamique
902 1920 1033 1988 cruenti,

203 2020 278 2081 quae
301 2001 409 2064 Clonus
426 1999 584 2080 Eurytides
606 2000 698 2061 multo
721 2000 883 2062 caelaverat
904 2017 993 2071 auro;

203 2105 262 2165 quo
282 2104 363 2148 nunc
384 2086 503 2147 'l'urnus
525 2092 591 2147 orat
611 2084 705 2164 spolio
728 2085 894 2163 gaudetque
915 2086 1042 2163 potitus.
1180 2096 1226 2148 cut

202 2173 301 2231 nescia
320 2187 404 2231 mens
426 2168 579 2231 hominum
599 2168 651 2230 lati
672 2170 819 2248 sortisque
840 2168 958 2231 futurae

203 2262 232 2315 et
250 2272 368 2315 servare
389 2254 520 2325 modum,
543 2253 635 2314 rebus
655 2253 768 2314 sublata
792 2253 942 2315 secundis!

201 2335 304 2399 Turno
323 2345 440 2416 ternpus
463 2339 527 2408 erit,
549 2354 657 2416 magno
681 2355 748 2398 cum
770 2339 914 2416 optaverit
932 2346 1070 2415 emptum

201 2421 344 2483 intactum
364 2421 495 2483 Pallanta
517 2429 634 2483 etcum
657 2420 750 2500 spolia
772 2423 827 2482 ista
848 2422 986 2499 diemque

202 2503 307 2566 oderit.
341 2512 371 2566 at
393 2507 466 2567 socii
489 2503 581 2566 multo
604 2506 715 2580 gemitu
732 2503 919 2584 lacrimisque
1176 2516 1225 2566 eoo

201 2589 362 2668 inpositum
383 2595 466 2650 scuto
487 2588 622 2649 referunt
641 2587 772 2649 Pallanta
791 2589 971 2669 frequentes.

202 2690 220 2731 o
243 2672 327 2733 dolor
350 2678 438 2748 atque
455 2670 545 2732 decus
567 2687 708 2748 magnum
727 2670 858 2733 rediture
874 2675 991 2751 parenti

201 2753 276 2816 haec
296 2761 327 2816 te
344 2755 440 2833 prima
463 2753 525 2814 dies
547 2752 625 2814 bello
647 2754 735 2823 dedit,
755 2755 829 2816 haec
851 2756 955 2817 eadem
974 2757 1085 2831 aufert,

202 2856 270 2899 curn
292 2844 390 2898 nmen
411 2839 539 2915 ingentis
556 2836 735 2901 Rutulorum
753 2838 863 2919 linquis
881 2858 1011 2903 acervos.

244 2921 306 2984 Nec
326 2923 385 2983 iam
406 2921 483 2983 lama
503 2921 573 2983 mali
593 2925 675 2993 tanti,
699 2925 749 2985 sed
766 2927 874 2987 certior
895 2932 998 2987 auctor
1176 2935 1224 2986 ort

202 3005 318 3068 advolat
334 3007 460 3077 Aeneae,
484 3007 564 3068 tenui
586 3008 756 3071 discrimme
778 3009 829 3071 leti

202 3107 266 3153 esse
288 3108 366 3159 suos,
390 3092 482 3153 versis
504 3098 621 3170 tempus
641 3111 818 3154 succurrere
840 3094 972 3155 Teucris.

203 3175 335 3252 proxima
358 3193 491 3255 quaeque
510 3178 594 3238 metit
614 3175 710 3256 gladio
731 3176 883 3254 latumque
901 3195 956 3255 per
976 3195 1084 3254 agmen

203 3257 308 3318 ardens
328 3258 452 3320 limitem
473 3262 532 3338 agit
553 3259 643 3329 ferro,
666 3267 704 3331 te,
725 3259 833 3330 Turne,
855 3260 1018 3339 superbum

203 3341 292 3404 caede
312 3361 387 3405 nova
409 3361 562 3424 quaerens.
597 3341 700 3414 Pallas,
723 3342 869 3415 Euander,
892 3347 923 3404 in
945 3345 1016 3422 ipsis
1176 3354 1223 3406 on

202 3427 300 3487 omnia
323 3426 512 3496 summulis,
535 3442 663 3496 mensae,
686 3444 759 3504 quas
778 3426 889 3488 advena
910 3430 1020 3508 primas

203 3516 272 3570 tunc
294 3510 373 3581 adiit,
397 3510 575 3588 dextraeque
596 3510 689 3571 datae.
722 3510 862 3573 Sulmone
886 3520 1000 3573 creatos
