2512 4096
378 352 381 356 ,
472 305 616 355 vultum
637 307 762 357 hunius
784 308 797 356 1

169 463 251 524 ‘l'alia
273 463 391 539 iactanti
410 462 536 523 stridens
557 462 693 541 aquilone
715 462 844 542 procella

129 545 223 608 velum
242 547 363 608 adversa
384 545 466 617 ferit,
492 545 658 627 fluctusque
677 547 714 608 ad
735 548 831 609 sidera
851 547 932 609 tollit.

127 633 304 709 franguntur
325 632 414 699 remi;
438 638 500 691 tum
518 648 608 709 prora
626 633 730 692 avertit
752 639 780 692 et
801 633 887 717 undis

127 715 176 776 dat
195 715 284 785 latus;
311 716 474 794 insequitur
497 713 615 776 cumrdo
632 722 810 795 praeruptus
832 734 926 795 aquae
948 736 1040 780 mons
1091 731 1138 788 lot

126 799 156 860 hi
178 817 293 860 summo
315 802 346 861 in
366 799 458 860 fluctu
478 799 623 878 pendent,
658 800 704 861 his
724 800 803 861 unda
825 801 978 862 dehiscens

125 891 237 945 terram
258 885 336 945 inter
357 883 464 944 iluctus
482 885 589 962 aperit,
613 884 683 945 iurit
705 891 803 945 aestus
824 885 952 946 harenis.

123 969 178 1028 tris
199 967 292 1030 Notus
314 968 452 1046 abreptas
473 969 591 1028 insana
613 968 730 1030 latentia
749 976 883 1050 torquet,

124 1037 205 1114 (saxa
223 1061 329 1113 vocant
349 1052 413 1112 ltali
430 1052 533 1113 mediis
556 1070 637 1130 quae-
649 1054 680 1114 in
701 1052 840 1114 iluctihus
860 1072 942 1120 aras.

124 1136 249 1197 dorsum
269 1138 386 1197 inmane
406 1138 481 1196 mari
502 1137 644 1216 summo),
672 1140 724 1198 tris
745 1138 844 1198 Eurus
865 1137 903 1198 ab
924 1137 982 1198 alto
1091 1151 1137 1202 ilo

123 1222 155 1280 in
176 1220 277 1281 brevia
299 1227 328 1282 et
347 1221 432 1299 syrtis
453 1228 562 1297 urguet
581 1219 758 1300 (miserabile
777 1221 849 1300 visu)

123 1303 277 1384 inliditque
299 1303 380 1364 radis
402 1311 489 1383 atque
507 1321 615 1382 aggere
635 1307 725 1384 cingit
744 1305 900 1393 harenaeq

124 1406 230 1459 unam,
255 1406 331 1467 quae
353 1388 456 1468 Lycios
477 1387 627 1468 fidumque
644 1389 769 1463 vehebat
792 1387 938 1460 Oronten,

123 1466 216 1534 i'sius
237 1479 306 1533 ante
327 1471 428 1533 oculos
449 1473 553 1549 ingens
573 1489 591 1531 a
613 1468 722 1534 ver'tice
744 1479 851 1551 pontus

123 1485 167 1628 il
175 1558 297 1635 puppim
320 1556 400 1617 ierit:
423 1557 570 1617 excutitur
590 1574 760 1636 pronusque
782 1558 920 1634 magister
1089 1570 1139 1624 115

122 1639 248 1701 volvitur
269 1642 299 1702 in
323 1647 425 1719 caput;
455 1647 499 1701 ast
511 1639 597 1701 adam
617 1647 663 1702 ter
685 1641 791 1703 fluctus
812 1642 921 1704 ibidem

123 1732 243 1803 torquet
263 1742 353 1803 agens
376 1725 501 1795 circum,
524 1732 553 1786 et
573 1726 694 1804 rapidus
715 1733 798 1808 vorat
816 1744 945 1805 aequore
968 1733 1076 1788 vortex.

124 1816 268 1888 apparent
287 1811 347 1870 rari
367 1818 472 1870 nantes
491 1810 521 1870 in
544 1823 658 1888 gurgite
678 1818 772 1881 vasto,

123 1910 205 1954 arma
224 1894 318 1954 virum
339 1892 514 1974 tabulaeque
537 1901 566 1955 et
584 1893 675 1955 Troia
696 1913 766 1972 gaza
787 1911 842 1972 per
863 1891 967 1953 undas.
988 1910 1025 1954 ‚c

123 1978 182 2038 iam
202 1975 327 2038 validam
347 1977 449 2039 llionei
470 1994 589 2048 navem,
612 1980 670 2038 iam
690 1978 773 2037 tortis
794 1977 912 2044 Achati,
1090 1986 1138 2040 tto

124 2068 228 2140 etqua
247 2067 348 2122 vectus
369 2061 461 2129 hbas,
490 2066 593 2139 etqua
615 2061 797 2138 grandaevos
818 2058 930 2127 Aletes,

122 2146 191 2207 vicit
208 2144 338 2225 hiemps;
365 2144 438 2205 laxis
458 2143 585 2205 laterum
609 2143 800 2221 compagibus
819 2159 922 2202 omncs

123 2229 270 2308 accipiunt
290 2229 441 2290 inimicum
460 2227 587 2288 imbrem
605 2228 745 2304 rimisque
767 2225 912 2286 fatiscunt.
940 2271 943 2277 .

165 2313 279 2376 interea
301 2329 409 2391 magno
429 2311 547 2370 misceri
568 2327 721 2372 murmure
741 2317 865 2389 pontum
1017 2311 1020 2319 '

123 2399 318 2477 emissamque
336 2397 464 2457 hiemem
486 2395 576 2456 sensit
596 2394 749 2474 Neptunus
771 2401 800 2456 et
818 2394 883 2454 imis
1088 2409 1137 2463 125

121 2489 224 2561 stagna
244 2482 345 2543 retusa
366 2479 460 2550 vadis,
484 2481 612 2556 graviter
634 2487 812 2549 commotum
836 2486 865 2539 et
884 2477 942 2540 alto

121 2567 304 2646 prospiciens
324 2581 440 2627 summa
459 2563 607 2643 placidum
630 2571 719 2643 caput
740 2564 842 2626 extulit
859 2564 947 2625 unda.

122 2651 272 2712 disiectam
292 2652 411 2712 Aeneae
430 2654 493 2709 toto
513 2649 590 2710 ridet
611 2667 741 2727 aequore
762 2648 898 2719 classem,

122 2733 259 2796 lluctibus
282 2751 440 2813 oppressos
461 2733 555 2794 Troas
578 2733 709 2812 caelique
728 2735 824 2795 ruina.

121 2836 178 2879 nec
196 2817 309 2878 latuere
330 2816 388 2878 doli
410 2818 533 2879 fratrem
554 2817 674 2879 lunonis
696 2823 726 2879 et
746 2820 837 2879 ira'e..
1088 2829 1137 2882 lto

122 2902 236 2963 Eurum
258 2901 296 2961 ad
316 2918 348 2961 so
368 2900 592 2980 Zephyrumque
615 2907 713 2972 vocat,
732 2903 838 2963 dehinc
860 2901 928 2963 talia
949 2902 1038 2962 tatur:

123 2991 257 3044 ‘tantane
278 3001 331 3044 vos
352 2984 467 3062 generis
487 2989 582 3046 tenuit
603 2987 709 3047 fiducia
730 2987 837 3046 vestri?

122 3070 179 3130 iam
204 3067 318 3129 caelum
336 3076 505 3146 terramque
527 3087 593 3130 meo
614 3072 677 3130 sine
698 3071 833 3139 numine,
856 3071 948 3138 venti,

122 3154 263 3223 miscere,
285 3160 314 3213 et
336 3159 431 3213 tantas
453 3153 565 3214 audetis
586 3154 689 3215 tollere
710 3152 820 3214 molest

125 3255 198 3317 quos
220 3255 275 3317 ego
297 3237 351 3298 -t
380 3237 432 3299 sed
442 3244 537 3298 motos
554 3244 684 3316 praestat
702 3254 881 3316 componere
903 3236 1023 3298 fluctus:
1095 3238 1142 3290 135

124 3327 191 3400 post
210 3321 282 3382 mihi
302 3339 363 3382 non
383 3321 469 3382 simili
490 3339 587 3401 poena
608 3321 764 3383 commissa
777 3321 873 3382 luetis.
992 3323 995 3327 ’

120 3411 267 3467 maturate
288 3406 401 3483 lugam,
426 3407 549 3484 regique
568 3406 642 3467 haec
663 3405 750 3466 dicite
772 3413 883 3468 vestro:

120 3506 181 3550 non
205 3488 245 3550 illi
266 3491 422 3567 imperium
442 3489 538 3568 pelagi
559 3506 736 3566 saevomque
758 3489 927 3559 tridentem,

121 3575 173 3637 sed
187 3573 258 3635 mihi
279 3581 359 3634 sorte
380 3573 490 3635 datum.
535 3581 617 3634 tenet
637 3572 687 3634 ille
708 3573 835 3634 mmama
855 3592 939 3640 sara.
