2512 4096
131 252 189 317 154
461 262 604 311 vanem
624 261 749 310 sums
772 262 826 309 1111

126 420 204 482 illam
226 423 316 480 Terra
336 434 458 495 parens,
481 418 526 477 ira
546 416 662 477 inritata
684 417 822 486 deorum,

127 510 302 571 extremam,
324 508 357 563 ut
378 497 548 578 perhibent,
572 499 649 561 Coeo
671 498 877 579 Enceladoque
897 517 1031 560 sororem

126 587 285 666 progenuit
306 583 430 662 pedihus
452 583 578 645 celerem
596 591 624 644 ct
645 582 816 662 pernicibus
837 581 905 652 alis,
1099 595 1150 649 180

126 676 291 730 monstrum
312 667 493 729 horrendum
513 667 631 744 ingens,
647 668 694 727 cui
716 673 787 744 quot
808 673 876 728 sunt
890 683 1015 744 corpore
1030 666 1151 746 plumae

126 760 171 815 tot
192 750 293 831 vigiles
314 749 391 812 oculi
413 757 515 830 supter
537 749 681 826 (mirabile
702 749 808 828 dictu),

126 845 169 898 tot
188 836 320 914 linguae,
343 833 464 895 totidem
483 851 536 894 ora
557 840 676 902 sonant,
700 839 743 893 tot
764 832 888 912 subrigit
906 833 993 894 auris.
1018 867 1055 930 N

126 927 213 982 nocte
236 917 314 979 volat
333 917 405 979 caeli
426 917 522 978 medio
542 923 698 995 terraeque
720 934 774 994 per
795 916 931 978 umbram

127 1004 268 1072 stridens,
292 1019 347 1064 nec
368 1000 446 1062 dulci
466 1000 592 1062 declinat
612 998 721 1062 lumina
742 1016 860 1069 somno;
1099 1010 1151 1065 les

126 1087 192 1149 luce
214 1085 298 1147 sedet
317 1091 415 1146 custos
437 1091 487 1146 aut
505 1085 616 1145 summi
633 1084 761 1145 culmine
782 1087 851 1146 tecti

126 1169 259 1232 turribus
280 1176 330 1229 aut
351 1168 431 1238 altis,
454 1175 483 1229 et
504 1184 625 1244 magnas
646 1169 761 1229 territat
777 1168 882 1237 urbes,

126 1263 187 1316 tam
206 1253 266 1314 ficti
287 1253 427 1331 pravique
451 1259 538 1313 tenax
559 1269 646 1331 quern
667 1253 768 1313 nuntia
789 1252 859 1313 veri.

126 1338 283 1399 hacetum
305 1335 455 1413 multiplici
477 1333 602 1415 populos
622 1353 759 1396 sermone
781 1334 916 1414 replebat

127 1420 259 1499 gaudens
278 1427 306 1482 et
326 1420 438 1497 pariter
459 1420 534 1480 iacta
560 1426 648 1497 atque
667 1418 774 1480 inlecta
795 1418 933 1481 canebat:
1100 1426 1152 1481 190

126 1505 240 1566 venisse
262 1505 380 1565 Aenean
399 1502 526 1578 Troiano
545 1504 686 1581 sangnine
706 1508 834 1572 metum,

126 1590 174 1650 cui
194 1604 226 1649 se
247 1585 371 1665 pulchra
391 1587 453 1646 viro
475 1587 612 1665 dignetur
632 1588 756 1664 iungere
777 1585 867 1655 liido;

126 1689 206 1733 nunc
225 1671 353 1732 hiemem
374 1672 450 1730 inter
471 1687 503 1731 se
523 1670 609 1739 luxu,
634 1688 723 1750 pam
745 1668 848 1746 longa,
871 1666 971 1731 lovere

126 1771 286 1833 regnorum
307 1754 485 1814 inmemores
506 1755 644 1833 turpique
664 1753 799 1833 cupidine
822 1758 931 1829 captos.

92 1832 201 1899 -shaec
221 1838 330 1914 passim
350 1838 404 1898 dea
424 1836 510 1899 foeda
533 1839 628 1899 virum
650 1837 786 1899 diffundit
807 1837 837 1897 in
861 1853 921 1896 ora.
1098 1847 1149 1899 19⁵

125 1922 260 2000 protinus
282 1920 319 1982 ad
341 1938 448 2000 regem,
465 1938 570 1982 cursus
589 1921 744 1999 detorquet
764 1919 884 1990 larhan,

127 2003 315 2084 incenditque
337 2006 467 2066 animum
489 2006 573 2066 dictis
594 2010 681 2080 atque
703 2011 823 2082 aggerat
844 2004 913 2063 iras.

167 2088 222 2150 llic
242 2089 406 2150 Hammone
424 2097 504 2150 satus
524 2096 607 2167 rapta
629 2087 836 2149 Garamantide
855 2085 983 2167 nympha

126 2170 234 2250 templa
255 2171 317 2232 lovi
338 2178 455 2234 centum
477 2171 541 2233 latis
561 2173 689 2235 inmania
711 2173 827 2249 regnis,

106 2261 245 2336 ,centum
266 2273 332 2316 aras
351 2257 450 2334 posuit
470 2255 644 2336 vigilemque
664 2263 830 2318 sacraverat
843 2255 955 2333 ignem,

126 2336 264 2400 excubias
286 2338 382 2399 divom
402 2347 551 2408 aeternas,
573 2338 780 2419 pecudumque
799 2357 906 2401 cruore

126 2422 235 2499 pingue
257 2420 353 2483 solum
374 2430 403 2483 et
421 2425 507 2484 varis
525 2422 659 2484 llorcntia
683 2423 782 2484 limina
804 2423 899 2484 sertis.

127 2505 210 2584 isque
229 2521 330 2565 amens
353 2506 442 2566 animi
462 2514 491 2566 et
511 2523 631 2567 rumore
654 2519 795 2567 accensus
817 2522 917 2565 amaro

128 2587 233 2648 dicitur
253 2595 320 2648 ante
342 2605 409 2648 aras
430 2589 525 2649 media
546 2589 623 2650 iuter
644 2591 766 2650 numina
784 2588 880 2649 divom

126 2669 216 2732 multa
237 2670 334 2732 lovem
355 2671 490 2732 manibus
509 2671 634 2749 supplex
655 2689 755 2733 orasse
775 2673 901 2749 supinis:

127 2754 274 2831 ‘luppiter
292 2755 491 2831 omnipotens,
512 2754 560 2815 cui
581 2772 660 2816 nunc
681 2755 829 2816 ldaurusia
850 2756 935 2832 pictis

127 2854 199 2915 gens
222 2835 338 2913 epulata
362 2838 433 2897 toris
451 2837 600 2899 Lenaeum
617 2837 689 2899 libat
708 2839 866 2908 honorem,

126 2921 231 2998 aspicis
252 2918 344 2981 haeci
366 2928 469 2991 ante,
492 2923 620 2998 genitor,
643 2940 712 2983 cum
734 2921 855 2984 lulmiua
872 2930 1006 3002 torques.

126 3004 301 3082 nequiquam
322 3003 494 3075 horremus,
512 3007 651 3085 caecique
672 3008 702 3067 in
722 3005 851 3069 nubibus
870 3007 952 3084 ignes

125 3087 286 3147 terrificant
308 3089 420 3148 animos
440 3099 468 3150 et
487 3091 584 3151 inania
606 3107 758 3151 murmura
780 3091 919 3151 miscenti

125 3170 247 3239 lomina,
271 3189 346 3249 quae
366 3174 474 3232 nostris
496 3191 597 3234 errans
618 3175 649 3234 in
669 3173 776 3234 linibus
798 3172 902 3233 urbem

127 3254 261 3330 exiguam
282 3256 375 3331 pretio
393 3258 505 3332 posuit,
530 3257 577 3316 cui
597 3254 666 3317 litus
684 3256 826 3316 arandum

127 3338 232 3414 cuique
254 3335 311 3397 loci
332 3336 413 3414 leges
435 3339 582 3406 dedimus,
608 3338 732 3399 conubia
753 3347 852 3399 nostra

126 3419 253 3498 reppulit
274 3438 308 3480 ac
326 3421 475 3482 dominum
497 3424 613 3482 Aenean
635 3421 664 3480 in
686 3439 777 3499 regna
798 3422 917 3499 recepit.

127 3511 156 3564 et
176 3521 255 3563 nunc
276 3503 324 3564 ille
346 3504 427 3564 Paris
450 3522 518 3566 cum
540 3505 674 3565 semiviro
697 3507 849 3572 comitatu.
