2512 4096
121 220 210 272 XVIII
452 219 500 266 DE
522 217 605 265 vm
626 218 671 265 ΕΤ
694 217 827 266 SRIP'I'IS

204 383 282 438 Anno
304 379 364 437 713
385 379 449 434 dum
473 381 502 434 in
524 377 606 434 Gallia
633 377 809 451 transpadana
830 387 1017 435 commoratur
1046 386 1134 453 poeta,

120 474 309 522 veteranorum
324 465 351 519 in
367 463 486 519 colonias
502 480 517 518 a
533 463 679 518 triumviris
694 461 847 536 adsIgnatas
862 463 1036 536 inruptiones
1053 463 1135 520 iactae

120 558 194 605 sunt.
226 564 341 622 cumque
356 549 496 621 sexaginta
516 545 670 602 hominibus
686 544 907 602 Cremonensium
927 546 1040 620 praedia
1061 545 1136 602 suffi-

121 649 181 689 cere
202 649 257 690 non
280 632 449 694 viderentur,
475 630 611 688 Octauius
624 631 725 701 Musa,
748 629 878 687 limitatur
898 630 1045 687 aCaesare
1061 629 1135 687 Octa·

120 719 196 772 viano
213 716 299 778 datus,
315 714 382 772 iines
394 732 489 772 eorum
503 723 692 788 transgressus
708 716 765 788 agri
781 713 916 771 Mantuani
929 716 1010 771 vicini
1022 716 1136 770 miserae

121 799 266 857 Cremonae
288 799 333 872 (ci.
350 800 400 856 ecl.
418 799 450 855 tx
466 799 504 855 27
522 816 563 871 sq.
584 799 667 872 gell
690 797 749 855 198
765 797 820 871 sq.)
848 797 892 853 XV
914 798 986 854 milia
1007 807 1136 872 passuum

120 885 283 958 adsumpsit:
305 900 360 957 quo
381 884 539 941 factumest
560 890 590 938 ut
605 882 716 956 Vergilii
738 890 946 956 quoque'pater
966 898 1029 938 cum
1050 885 1136 939 suisa

121 971 281 1024 centurione
296 970 384 1024 Arrio
399 983 431 1023 ex
452 966 532 1023 bonis
548 959 771 1039 expelleretur1).
802 966 915 1022 inerunt
937 975 993 1022 tum
1009 968 1038 1022 in
1055 966 1136 1022 Gallia

121 1216 227 1266 conicio
245 1212 449 1265 restituendum
468 1227 542 1263 esse:
562 1230 587 1266 v.
608 1216 639 1264 tt
659 1213 715 1276 (‘tu
735 1214 812 1264 oanis
829 1215 944 1264 Ascraei
952 1214 971 1278 ’)
990 1240 1026 1251 -
1044 1216 1087 1266 80.
1105 1215 1134 1264 tt
1173 1206 1176 1293 Ι

71 1329 75 1337 ,
120 1280 179 1345 (itu
198 1283 275 1333 canis
292 1280 439 1343 umbrosi’)
452 1281 536 1334 -76,
549 1282 580 1330 81
595 1295 654 1345 sqq.
674 1281 708 1330 ds
727 1297 779 1346 quo
799 1281 917 1331 disserui
934 1282 964 1330 in
982 1280 1135 1332 scholarum
1175 1323 1176 1337 ,

119 1349 314 1399 universitatis
335 1347 507 1398 Kilonionsis
524 1352 633 1397 aestate
653 1349 719 1398 anni
739 1350 804 1399 1867
827 1348 1016 1400 habendarum
1034 1348 1132 1412 indice,

120 1415 167 1480 qui
184 1415 229 1464 his
245 1415 315 1480 ipsis
336 1414 435 1466 diebus
451 1414 550 1467 editur.

189 1479 212 1544 ¹)
232 1482 343 1531 ‘Italiae
362 1497 423 1547 erpo
441 1483 584 1533 ciuitaabus
607 1485 723 1533 diuersas
745 1491 835 1548 partes
852 1483 1014 1548 sequentibus
1034 1483 1135 1533 Cremo·

122 1564 211 1600 nenses
234 1556 261 1598 et
277 1548 414 1598 Mantuani
435 1552 520 1600 neutri
541 1557 599 1600 sunt
621 1551 754 1602 aum‘ttatt:
776 1552 824 1600 sed
846 1551 894 1601 doc
916 1551 1050 1614 Aupustus
1072 1552 1135 1600 indi·

118 1622 212 1681 gnatus
230 1617 370 1675 ueteranis,
390 1632 493 1680 quorum
504 1632 609 1681 operam
620 1619 647 1667 in
659 1618 722 1668 bello
735 1619 870 1679 tabuerat,
891 1633 969 1683 apros
982 1617 1130 1669 Cremonen·

119 1686 181 1734 sirim
200 1684 279 1734 diuidi
300 1684 373 1733 iussit
396 1691 421 1732 et
442 1685 466 1733 si
488 1699 537 1733 non
554 1685 715 1749 suffecissent
737 1685 894 1736 Mantuanos
915 1687 1029 1750 adiunpi.
1070 1687 1136 1736 unde

119 1752 215 1813 facium
232 1756 259 1799 ut
281 1750 409 1815 Vergilius
427 1766 525 1816 quoque
543 1766 620 1816 apros
638 1754 766 1802 amitteret
782 1769 845 1818 quos
861 1755 999 1816 sescupinta
1020 1753 1137 1803 ueterani

120 1819 282 1882 acciperent’
301 1817 407 1867 Probus
425 1833 451 1882 p.
469 1821 494 1868 5.
513 1818 547 1867 K.
577 1822 684 1870 ‘exorto
707 1821 775 1870 cicili
796 1821 860 1870 betto
880 1819 1063 1870 Cremonenses
1083 1835 1136 1870 cum

120 1887 214 1935 ceteris
232 1886 341 1935 eiusdem
358 1886 437 1934 studii
453 1887 619 1937 aduersarios
631 1888 742 1950 Auprasti
754 1887 874 1938 Caesaris
892 1889 1053 1938 adiuverunt.
1071 1889 1137 1937 unde

117 1954 264 2015 factumest
280 1959 319 2014 ui,
339 1968 392 2002 cum
409 1953 490 2002 victor
501 1953 629 2018 Aupastus
646 1956 673 2004 in
690 1970 777 2005 earum
795 1970 872 2020 apros
889 1962 1024 2005 ueteranos
1044 1957 1138 2005 deduci

118 2022 245 2080 iussisset,
269 2036 319 2071 nan
341 2020 483 2084 sufficiente
506 2035 570 2085 apro
594 2020 795 2079 Cremonensium
817 2022 955 2072 Mantuani
976 2037 1088 2088 quoque,
1111 2024 1137 2071 in

120 2090 207 2153 quibus
224 2095 282 2138 erat
304 2090 379 2138 etiam
397 2092 478 2152 poeta
500 2087 636 2151 Virorum,
659 2091 792 2139 mammam
812 2095 913 2153 partem
931 2090 1019 2149 finium
1035 2105 1137 2141 murum

117 2157 275 2220 perderent’
296 2154 348 2218 (sio
365 2155 516 2220 Hagenus:
531 2154 659 2220 perdidei·
672 2157 756 2221 Sang.
768 2158 943 2221 perdidissent
960 2157 1043 2207 Bern.
1062 2155 1136 2220 Par.)

121 2227 166 2272 ‘eo
194 2225 263 2286 quod
288 2224 364 2272 oiciru
384 2222 592 2274 Cremonensibus
618 2226 746 2288 fuerant?
774 2225 899 2274 Donatus
927 2223 1017 2289 praef.
1044 2224 1135 2275 bucol.

119 2290 134 2351 5
152 2290 194 2338 62.
213 2289 248 2339 ef.
264 2288 376 2339 Servius
393 2290 423 2339 in
435 2291 494 2341 viia
507 2307 533 2355 p.
548 2295 561 2339 1
580 2295 609 2340 et
627 2293 656 2340 in
675 2291 763 2356 praei.
781 2291 871 2342 bucol.
892 2307 918 2356 p.
932 2293 965 2341 96
977 2292 1010 2341 L.
1028 2291 1137 2342 Phocea

118 2371 147 2406 v.
165 2356 283 2406 itt—81.
303 2357 364 2405 ‘atu'
384 2359 490 2406 medium
508 2360 596 2407 cliuum
613 2360 742 2422 occipiunt
762 2394 809 2412 ...
829 2360 962 2425 usquead
983 2374 1036 2408 eunt
1055 2366 1137 2409 autem

120 2427 199 2475 locum
218 2423 346 2487 perticam
366 2424 499 2473 militarem
523 2423 640 2474 Octauius
661 2424 739 2474 Musa
757 2433 931 2489 porrexerat,
960 2427 1084 2477 limitatur
1105 2425 1136 2476 ab

119 2491 235 2554 Aupusto
259 2491 346 2546 dotus,
369 2491 387 2538 i.
412 2505 433 2538 e.
456 2505 504 2553 per
521 2490 581 2538 XV
598 2492 667 2540 milia
687 2505 809 2555 passuum
831 2495 889 2558 apri
910 2493 1060 2553 Mantuani,
1085 2508 1137 2544 asan

120 2558 296 2609 Cremonensis
314 2571 363 2608 non
385 2557 528 2620 suspiceret,
548 2558 660 2622 offensus
678 2575 694 2607 a
712 2558 861 2609 Mantuanis
880 2562 948 2626 quod
968 2576 1067 2623 peoora
1085 2563 1138 2611 eius

118 2628 146 2676 in
162 2641 225 2691 apro
246 2623 347 2689 publiea
365 2625 503 2689 aliquando
522 2623 684 2676 clausissent’
709 2625 823 2676 Servius
841 2626 876 2677 ad
895 2627 945 2678 ecl.
963 2627 1003 2677 1x
1022 2630 1047 2680 i.
1084 2628 1137 2677 hue

119 2692 231 2744 ridetur
255 2696 384 2757 spectare
408 2690 481 2756 quod
505 2690 541 2740 ad
558 2706 584 2744 v.
604 2693 636 2742 28
658 2696 686 2742 ot
707 2694 736 2742 iu
758 2694 817 2744 vita
841 2700 869 2745 ot
892 2696 921 2744 in
939 2694 1027 2760 praef.
1046 2695 1136 2748 bucol.

118 2759 148 2809 tt.
167 2759 196 2810 ll.
215 2757 289 2825 apud
313 2757 439 2809 Servium
462 2756 621 2808 adfirmatur
640 2764 705 2809 ‘non
725 2769 836 2826 propter
857 2763 944 2812 ciuium
960 2764 1072 2826 eulpam,
1091 2763 1139 2812 sed

115 2834 227 2892 propter
236 2827 397 2877 uicinitatem’
412 2824 573 2875 Mantuanis
585 2841 666 2891 agros
678 2828 803 2878 ademtos
817 2844 890 2880 esse:
904 2829 1013 2879 Phocus
1027 2843 1137 2895 quoquo

119 2911 144 2944 v.
159 2895 192 2944 80
210 2894 331 2944 ‘Mantua
348 2899 375 2943 tu
387 2894 521 2943 coniuncta
540 2896 595 2944 ioca
611 2897 711 2946 sociata
728 2899 847 2960 periclis,
866 2898 924 2946 Non
942 2898 1068 2947 tamenab
1087 2914 1138 2948 me-

118 2963 207 3011 ritum:
224 2962 341 3011 miseram
356 2961 449 3010 uicinia
465 2960 550 3022 fecit!
582 2961 621 3010 sio
639 2964 712 3013 anim
729 2963 1035 3029 interpungendasunt.
1067 2963 1137 3014 illud

120 3027 192 3093 quod
216 3027 329 3079 Servius
356 3027 452 3091 tetigit
476 3028 627 3093 copiosius,
657 3031 705 3080 ssd
728 3046 823 3096 parum
845 3030 986 3080 luculento
1007 3036 1139 3082 narratur

119 3100 232 3146 auctore
250 3095 364 3158 lanitio,
387 3095 412 3144 h.
435 3111 458 3147 e.
477 3092 557 3146 Iunio
575 3095 751 3162 Philargyrio
769 3100 799 3165 in
817 3097 930 3148 scholiis
948 3098 1138 3150 Bonnensibus

119 3163 154 3213 ad
176 3161 226 3212 ecl.
248 3162 316 3212 VIII
340 3163 367 3212 6:
392 3162 480 3211 ‘duic’
504 3162 611 3224 (Asinio
634 3164 763 3227 Pollioni>
789 3170 864 3230 ‘past
884 3167 973 3215 aicium
998 3164 1137 3216 Antonium
1166 3228 1168 3232 ι

118 3232 190 3296 apud
221 3231 353 3280 Pemssiam
385 3245 518 3279 successor
545 3232 620 3280 datus
651 3240 690 3283 est
726 3233 826 3294 titianus
857 3234 954 3290 Varus,
984 3234 1027 3296 qui
1054 3235 1138 3283 iratus

118 3298 268 3348 Mantuanis
291 3312 368 3362 apros
391 3312 476 3346 eorum
494 3300 569 3361 parti
590 3299 805 3350 Cremonensium·
818 3301 909 3350 inrisit.
950 3314 1029 3348 causa
1050 3309 1136 3351 autem

119 3366 272 3416 iracundiae
289 3364 352 3413 daec
368 3365 428 3426 suit.
460 3363 578 3414 Octauius
589 3365 667 3416 Musa
679 3369 754 3424 enim,
773 3368 834 3416 cinis
846 3367 1004 3416 Mamtuanus
1021 3368 1138 3434 idemque

118 3433 291 3498 mapistratus,
310 3447 363 3480 cum
382 3431 498 3481 tributum
515 3433 547 3482 ab
566 3433 681 3496 Aupusto
698 3434 791 3498 suisset
808 3436 939 3493 indictum,
955 3449 1055 3497 pecora
1070 3435 1140 3486 Vari

117 3506 196 3565 capta
218 3499 320 3564 pipnori
343 3500 437 3548 tamdia
460 3501 486 3547 iu
506 3500 567 3560 soro
590 3504 677 3550 clauso
700 3502 779 3550 tenuit
802 3500 871 3565 (nam
893 3502 979 3551 Varus
997 3516 1136 3565 possessor
