2512 4096
170 252 230 313 256
487 261 631 310 venetur
646 261 772 310 anunm
791 262 856 310 mn

169 419 272 481 ludere
293 418 447 498 pendentis
465 434 575 496 pueros
595 423 624 478 et
644 416 776 478 lambere
796 424 920 478 matrem

169 503 328 583 inpavidos,
351 501 431 563 illam
451 502 538 564 tereti
562 502 675 563 cervice
697 500 805 562 reflexa

169 585 299 650 mulcere
321 585 450 648 alternos
472 593 501 648 et
524 602 649 664 corpora
670 586 783 664 tingere
800 583 910 664 lingua.

169 689 224 733 nec
245 670 350 750 procul
371 671 441 732 hinc
461 669 586 731 Romam
609 676 638 732 et
658 676 757 749 raptas
779 671 843 732 sine
865 686 948 730 more
972 669 1102 752 Sabinas
1140 680 1189 731 oso

170 771 309 817 consessu
328 773 432 817 caveae
451 755 566 833 magnis
586 753 768 816 circensibus
790 754 861 815 actis

170 839 320 901 addiderat
343 838 499 919 subitoque
521 855 628 899 novom
650 855 830 917 consurgere
852 835 961 898 bellum

169 922 329 985 Romulidis
349 923 492 1001 Tatioque
515 924 578 983 seni
599 921 782 1001 Curibusque
804 922 921 983 severis.

171 1014 237 1086 post
258 1008 336 1068 idem
357 1008 434 1068 inter
454 1023 487 1067 se
508 1007 603 1084 posito
625 1007 786 1067 certamine
806 1022 893 1084 reges

170 1093 274 1153 armati
294 1090 370 1152 lovis
392 1097 460 1151 ante
482 1089 564 1151 ararn
586 1096 761 1170 poterasque
783 1095 915 1150 tenentes

169 1175 284 1237 stabant
306 1181 335 1235 et
352 1190 437 1236 caesa
456 1173 617 1251 iungebant
638 1173 757 1235 loedere
777 1190 877 1252 porca,

169 1257 371 1338 Romuleoque
391 1275 497 1320 recens
516 1257 658 1318 horrebat
676 1257 756 1336 regia
778 1256 884 1318 culmo.

169 1342 240 1403 baut
261 1341 365 1421 procul
386 1341 456 1403 inde
477 1343 552 1403 citae
573 1342 695 1403 Mettum
716 1343 747 1401 in
771 1341 884 1403 diversa
906 1341 1069 1421 qundrigae

170 1423 342 1487 distulerant
364 1424 403 1505 (at
424 1433 456 1488 tu
477 1425 570 1496 dictis,
593 1424 714 1496 rilbanc,
737 1427 902 1506 maneresl)

169 1508 363 1588 raptabatque
384 1510 438 1570 viri
460 1508 610 1572 mendacis
633 1511 743 1570 viscera
765 1508 867 1569 Tullm

170 1610 224 1672 per
243 1591 354 1663 silvam,
378 1600 406 1652 et
427 1593 522 1670 sparsi
543 1592 685 1655 rorabant
703 1593 846 1671 sanguiue
866 1611 981 1672 vepres.

169 1683 225 1738 nco
245 1692 305 1735 non
326 1674 520 1752 Tarquinium
543 1677 668 1737 eiectum
689 1677 841 1737 Porsenna
860 1677 981 1738 iubebat

170 1761 305 1838 accipere
326 1759 498 1837 ingentique
519 1759 625 1820 urbem
647 1758 798 1820 obsidione
820 1759 988 1837 premebat:

170 1843 325 1905 Aeneadae
345 1843 376 1903 in
399 1843 510 1904 ferrum
532 1860 588 1922 pro
610 1842 745 1903 libertate
766 1842 902 1905 ruebant.

170 1927 253 1990 illum
274 1925 436 2004 indignanti
454 1925 580 1988 similem
600 1925 785 2006 similemque
803 1929 925 1988 minanti

171 2013 329 2092 aspiceres,
351 2016 473 2089 pontem
494 2011 618 2073 auderet
639 2012 707 2092 quia
727 2009 837 2073 vellere
858 2011 959 2074 Coeles

170 2103 200 2158 et
216 2095 335 2157 lluvium
357 2094 459 2156 vinclis
479 2096 598 2157 innaret
619 2093 727 2157 Cloelia
747 2097 852 2175 ruptis.

170 2182 200 2240 in
222 2197 337 2240 summo
361 2186 460 2241 custos
481 2181 624 2258 Tarpeiae
649 2178 773 2242 llanlius
795 2181 871 2241 arcis

170 2262 265 2324 stabat
286 2281 341 2342 pro
358 2261 468 2344 templo
490 2270 518 2325 et
539 2263 680 2344 Capitolia
703 2263 780 2326 celsa
798 2264 924 2334 tenebat,

170 2354 257 2428 atque
278 2347 328 2409 hic
353 2349 462 2410 auratis
486 2347 609 2410 volitans
631 2354 788 2427 argenteus
808 2365 895 2410 anser

170 2429 334 2510 porticibus
354 2431 453 2494 Gallos
472 2433 504 2492 in
525 2432 625 2494 limine
646 2432 749 2493 adesse
770 2432 900 2493 canebat.

171 2513 245 2578 Galli
264 2532 319 2595 per
337 2515 442 2577 dumos
463 2516 586 2577 aderant
607 2532 765 2594 arcemque
783 2515 931 2586 tenebant,

171 2599 283 2661 defensi
303 2599 433 2661 tenebris
453 2605 482 2660 et
504 2598 581 2659 dono
601 2600 695 2659 noetis
717 2615 842 2677 opacae:

171 2700 259 2744 aurea
278 2683 424 2744 caesaries
446 2681 512 2742 ollis
534 2689 621 2760 atque
643 2698 733 2743 aurea
754 2683 848 2754 vestis,

170 2768 287 2845 virgatis
306 2764 406 2827 lucent
427 2763 544 2844 sagulis,
567 2773 631 2826 tum
650 2764 743 2826 lactea
764 2764 837 2826 colla

170 2867 242 2912 auro
260 2851 456 2918 innectuntur,
478 2848 536 2910 duo
557 2849 682 2931 quisque
696 2849 798 2929 Alpina
818 2860 974 2914 coruscant

169 2950 256 3011 gaesa
278 2949 377 3004 manu,
397 2933 488 2996 scutis
507 2935 634 3013 protecti
653 2951 781 3014 corpora
802 2935 906 3016 longis.

169 3017 219 3079 bic
240 3016 395 3078 exultantis
417 3016 506 3080 salios
525 3019 680 3100 nudosque
700 3018 838 3101 lupercos

169 3100 376 3180 lanigerosque
397 3103 495 3182 apices
518 3109 547 3165 et
568 3103 649 3183 lapsa
668 3104 772 3166 ancilia
795 3103 875 3167 caelo

169 3184 330 3254 extuderat,
352 3193 447 3249 castae
469 3187 617 3249 ducebant
635 3207 718 3251 sacra
735 3207 791 3269 per
810 3189 916 3250 urbem

168 3267 287 3348 pilentis
309 3275 419 3332 matres
438 3272 469 3331 in
490 3270 636 3334 mollibus.
676 3274 745 3334 binc
766 3273 873 3353 procul
895 3273 974 3335 addit

168 3351 324 3414 Tartareas
346 3355 433 3416 etiam
452 3355 545 3426 sedes,
568 3354 625 3416 alta
644 3359 718 3418 ostia
735 3356 818 3427 Ditis,

169 3442 198 3497 et
218 3435 364 3498 scelerum
383 3456 494 3518 poenas
506 3444 547 3499 'et
567 3445 605 3509 te,
629 3439 758 3512 Catilina,
775 3443 883 3503 minaci

168 3520 345 3599 pendentem
366 3521 487 3602 scopulo
511 3521 712 3602 furiarumque
734 3542 785 3587 ora
807 3533 991 3597 trementem,
