2512 4096
122 258 180 319 tol
462 264 607 313 vanam
630 263 755 312 nausis
779 264 790 309 r

121 423 253 492 vocibus3
278 431 306 483 et
328 439 446 491 vereor,
470 438 528 500 quo
549 440 582 482 sc
600 421 724 482 Iunonia
740 427 856 479 vertant

121 508 258 584 hospitia;
282 507 354 566 haut
377 512 456 566 tanto
479 504 605 566 cessabit
626 504 747 564 cardine
768 521 878 565 rerum.

121 592 258 670 quocirca
281 607 387 667 capere
409 596 477 649 ante
496 587 570 649 dolis
594 598 623 649 et
644 588 764 666 cingere
784 587 902 648 llamma

120 676 251 752 reginam
271 673 412 742 meditor,
435 690 533 750 nequo
556 690 589 733 se
611 673 732 733 numine
752 679 859 739 mutet,
918 718 923 739 ,

119 759 172 819 sed
195 775 300 835 magno
321 757 437 817 deneas
455 773 573 817 mecum
592 763 728 816 teneatur
750 773 861 816 amore.

120 861 176 921 qua
197 843 295 902 lacere
317 841 347 901 id
368 842 477 920 possis,
500 847 631 901 nostram
654 857 734 901 nunc
756 840 857 918 accipe
878 847 1014 900 mentem,

119 926 219 1002 regius
242 925 337 985 accitu
358 926 418 985 cari
438 925 579 1001 genitoris
599 923 636 984 a'd
658 923 763 985 urbem

120 1010 269 1070 Sidoniam
293 1025 368 1087 puer
389 1009 434 1068 ire
453 1015 552 1085 parat,
573 1026 638 1068 mea
660 1010 787 1068 maxima
805 1026 890 1076 cura,

35 1140 39 1147 .
120 1094 197 1154 dona
217 1094 315 1154 ferens
335 1090 439 1168 pelago
459 1100 487 1152 et
508 1090 633 1152 flammis
653 1095 793 1154 restantia
813 1091 933 1161 Troiam

119 1178 200 1238 hunc
222 1193 277 1254 ego
299 1178 427 1254 sopitum
448 1192 552 1235 somno
574 1186 669 1253 super
686 1175 743 1237 alta
765 1175 889 1255 Cythera

119 1269 169 1322 aut
190 1278 280 1339 super
304 1259 427 1320 Idalium
445 1266 557 1320 sacrata
578 1260 647 1320 sede
666 1261 840 1330 recondam,

119 1363 214 1423 nequa
237 1345 314 1405 scire
336 1342 418 1404 dolos
440 1344 590 1405 mediusve
610 1361 770 1406 occurrere
789 1345 888 1422 possit.

118 1436 151 1488 tu
173 1429 278 1489 facicm
298 1427 375 1488 illius
392 1435 510 1491 noctem
531 1445 592 1487 non
613 1427 738 1508 amplius
759 1446 848 1490 unam

118 1510 187 1573 falle
209 1511 276 1571 dolo
299 1520 328 1572 et
348 1519 433 1571 notos
453 1506 538 1589 pue'ri
559 1530 633 1589 puer
655 1513 745 1573 indue
765 1513 873 1581 voltus,

119 1603 166 1665 ut,
196 1613 264 1655 cum
285 1602 314 1655 te
338 1597 452 1670 gremio
473 1596 595 1674 accipiet
613 1595 770 1657 laetissima
788 1596 861 1657 Dido

119 1677 226 1758 regalis
248 1680 324 1739 inter
344 1695 461 1739 mensas
477 1678 653 1756 laticemque
675 1680 818 1758 Lyaeum,

120 1781 187 1824 cum
210 1762 290 1823 dabit
312 1760 464 1840 amplexus
485 1769 573 1840 atque
592 1762 691 1823 oscula
714 1762 809 1823 dulcia
833 1763 917 1841 figet,

12 1838 29 1858 ‘
119 1846 268 1909 occultum
290 1847 415 1925 inspires
438 1847 537 1924 ignom
554 1845 695 1925 fallasque
713 1845 852 1909 veneno.'

119 1938 203 2010 paret
223 1931 314 1990 Amor
332 1930 415 1990 dictis
438 1947 523 1991 carae
544 1932 713 2007 genetricis,
737 1939 766 1992 et
785 1931 845 1992 alas

119 2017 198 2076 exuit
220 2022 249 2076 et
269 2032 374 2094 gressu
396 2014 528 2091 gaudens
546 2015 654 2076 incedit
674 2015 738 2076 luli.

119 2106 148 2160 at
168 2100 267 2161 Venus
288 2099 412 2160 Ascanio
434 2097 578 2176 placidam
598 2117 652 2178 per
675 2099 809 2160 membra
832 2099 960 2178 quietem

118 2184 240 2261 inrigat,
264 2191 293 2244 et
314 2183 409 2244 lotum
430 2185 543 2262 gremio
566 2183 620 2244 dea
640 2183 715 2244 tollit
731 2185 769 2244 in.
784 2182 858 2244 altos

119 2265 225 2327 ldahae
247 2266 345 2336 lucos,
368 2265 419 2327 ubi
441 2267 538 2327 mollis
560 2286 714 2329 amaracus
732 2267 814 2329 illum

120 2349 242 2410 lloribus
265 2358 293 2411 et
314 2349 393 2410 dulci
413 2351 566 2428 adspirans
586 2351 792 2430 complectitur
809 2349 924 2413 umbra.

120 2434 234 2511 iamque
257 2432 318 2493 ibat
338 2434 415 2494 dicto
435 2451 542 2510 parens
565 2445 593 2496 et
614 2435 690 2495 dona
708 2434 821 2512 Cupido

120 2519 199 2594 regia
222 2515 358 2594 portabat
376 2515 470 2594 Tyriis
492 2518 568 2579 duce
589 2518 683 2578 laetus
704 2519 825 2578 Achate.

120 2618 187 2661 cum
208 2602 300 2669 venit,
324 2598 432 2660 aulaeis
451 2602 509 2659 iam
530 2619 563 2663 se
580 2602 683 2679 regina
704 2600 841 2680 superbis

120 2701 209 2744 aurea
232 2685 397 2762 composuit
417 2684 529 2761 sponda
551 2685 736 2764 mediamque
756 2684 876 2753 locavit;

119 2769 177 2828 iam
198 2778 282 2845 pater
304 2767 417 2828 deneas
438 2775 467 2827 ot
484 2769 542 2828 iam
561 2768 688 2828 Troiana
707 2771 842 2830 iuventus

120 2853 310 2920 conveniunt,
334 2858 484 2929 stratoque
507 2869 596 2931 super
619 2853 811 2915 discumbitur
834 2862 924 2912 ostro.

120 2934 191 2994 dant
209 2935 345 2995 manibus
366 2934 468 2995 famuli
488 2934 637 3015 lymphas,
674 2955 866 3017 cereromque
887 2937 1022 2997 canistris

120 3018 292 3096 expediunt,
316 3019 467 3098 tonsisque
487 3020 586 3081 ferunt
607 3023 742 3084 mantelia
764 3021 847 3082 villis.

120 3103 330 3181 quinquaginta
352 3104 431 3164 intus
448 3103 589 3174 famulae,
612 3106 719 3185 quibus
735 3106 839 3167 ordine
853 3103 971 3180 longam

121 3203 191 3247 cura
213 3204 323 3263 penum
344 3194 474 3257 struere,
497 3196 526 3248 et
546 3189 671 3250 llammis
693 3189 812 3250 adolere
833 3192 969 3263 penates;

121 3277 239 3330 centum
262 3267 334 3328 aliae
355 3270 536 3348 totidemque
559 3289 646 3350 pares
671 3280 766 3333 aetate
787 3270 929 3339 ministri,

121 3355 171 3432 qui
192 3352 315 3431 dapibus
332 3370 449 3414 mensas
470 3362 595 3414 onerent
616 3363 645 3415 et
665 3355 771 3435 poctda
792 3360 912 3432 ponant.

120 3455 176 3497 nec
199 3455 258 3497 non
280 3447 308 3497 et
331 3435 413 3515 Tyrii
431 3454 486 3515 per
507 3436 607 3499 limina
628 3438 705 3500 lacta
721 3440 890 3517 frequentes

121 3538 298 3590 convenere,
323 3521 396 3580 toris
418 3521 488 3582 iussi
510 3521 697 3586 discumbere
715 3523 810 3602 pictis.
