2512 4096
322 264 465 313 vnnonn
486 262 687 313 ouoraorcou
711 263 751 310 1u
1000 251 1040 312 67

108 420 154 482 via
175 421 278 481 mortis
299 426 362 480 erat
382 417 519 496 simplex,
542 416 594 479 sed
607 417 658 479 ubi
678 418 762 496 ignea
783 416 864 478 venis

104 504 169 565 ibus
190 511 254 565 acta
275 503 337 563 sitis
358 503 481 564 miseros
503 501 665 563 adduxerat
686 509 775 570 artus,

104 605 136 649 us
157 585 324 648 abundabat
344 585 468 647 fluvidus
489 584 585 663 liquor
608 585 762 662 omniaque
783 585 814 643 in
835 601 867 643 se

120 672 284 733 minutatim
305 669 410 730 morbo
433 668 569 747 conlapsa
590 668 733 729 trahebat

104 773 121 815 e
141 755 172 814 in
193 754 306 814 honore
328 754 416 814 deum
437 753 532 814 medio
554 759 634 812 stans
655 752 749 811 hostia
770 750 807 811 ad
829 767 918 817 aram,

104 856 117 899 a
139 837 209 898 dum
230 838 313 897 nivea
335 836 531 897 circumdatur
553 835 644 897 infula
664 835 742 903 vitta,

104 940 108 955 ·
131 921 293 982 cunctantis
315 920 418 980 cecidit
438 918 612 980 moribunda
634 920 791 979 ministros.

104 1006 218 1083 siquam
239 1004 319 1064 ferro
341 1010 518 1064 mactaverat
539 1010 605 1063 ante
627 1003 774 1071 sacerdos,

122 1106 218 1166 neque
239 1087 381 1164 impositis
402 1086 506 1147 ardent
527 1086 626 1146 altaria
648 1086 739 1154 fibris,
817 1127 819 1132 s

109 1188 249 1249 responsa
271 1177 367 1248 potest
389 1169 538 1232 consultus
559 1171 684 1231 reddere
705 1177 793 1236 vates,

104 1255 136 1316 ix
158 1255 300 1333 suppositi
322 1255 474 1331 tinguntur
496 1255 638 1330 sanguine
660 1250 746 1313 cultri

104 1356 205 1416 oraque
227 1338 322 1398 ieiuna
345 1339 424 1397 sanie
446 1337 606 1396 infuscatur
628 1337 748 1396 harena.

122 1420 206 1482 laetis
226 1419 308 1480 vituli
328 1419 413 1496 uolgo
435 1420 599 1480 moriuntur
620 1421 650 1478 in
672 1417 780 1488 herbis,

103 1504 177 1566 ulois
199 1505 310 1565 animas
332 1502 417 1579 plena
440 1503 476 1563 ad
497 1504 650 1580 praesepia
671 1501 813 1569 reddunt;

124 1586 245 1648 canibus
266 1586 381 1647 blandis
403 1585 501 1646 rabies
523 1587 614 1655 venit,
639 1593 667 1647 et
688 1587 780 1665 quatit
801 1602 905 1662 aegros

106 1689 120 1732 s
142 1671 245 1732 anhela
267 1688 334 1731 sues
357 1688 391 1730 ac
413 1666 545 1730 faucibus
568 1670 646 1747 angit
667 1669 772 1730 obesis.

104 1772 141 1815 ur
163 1753 260 1814 infelix
283 1754 445 1816 studiorum
468 1762 554 1832 atque
576 1752 730 1814 immemor
752 1753 901 1817 herbae·

104 1857 125 1898 rr
148 1855 238 1916 equos
260 1838 405 1916 fontisque
427 1838 565 1898 avertitur
588 1844 616 1898 et
636 1838 712 1914 pede
735 1846 842 1896 terram

105 1939 139 1982 ra
161 1921 242 1989 ferit;
267 1921 409 1982 demissae
431 1939 531 1990 aures,
553 1923 683 1980 incertus
705 1919 812 1979 ibidem

104 2023 124 2065 »r
146 2010 175 2064 et
194 2003 243 2064 ille
265 2005 382 2083 quidem
404 2006 552 2064 morituris
574 2004 710 2080 frigidus,
734 2010 796 2061 aret

105 2106 120 2148 s
141 2094 170 2148 et
191 2087 227 2148 ad
249 2095 360 2148 tactum
381 2088 516 2148 tractanti
539 2086 611 2147 dura
634 2085 751 2146 resistit.

104 2178 194 2231 ‚ante
217 2172 335 2231 exitium
357 2171 459 2248 primis
481 2170 550 2229 dant
572 2169 654 2244 signa
676 2165 793 2234 diebus;

104 2256 130 2315 in
151 2270 293 2331 processu
316 2253 411 2330 coepit
432 2252 607 2312 crudescere
628 2247 759 2319 morbus,

116 2354 187 2397 vero
210 2335 346 2396 ardentes
368 2334 444 2395 oculi
466 2339 553 2412 atque
574 2338 713 2393 attractus
735 2333 771 2393 ab
794 2332 850 2393 alto
911 2361 915 2369 ·

104 2429 167 2488 tus,
191 2418 336 2479 interdum
359 2419 466 2496 gemitu
489 2418 599 2495 gravis,
622 2418 737 2494 imaque
758 2415 845 2496 longo

104 2502 229 2581 singultu
250 2503 387 2571 tendunt,
410 2503 432 2562 it
453 2501 572 2562 naribus
594 2509 656 2562 ater

104 2588 165 2657 uis,
189 2594 217 2647 et
239 2586 374 2648 obsessas
396 2586 495 2646 fauces
516 2587 622 2664 premit
644 2602 747 2662 aspera
768 2585 875 2663 lingua.

104 2672 143 2731 uit
164 2671 273 2730 inserto
296 2670 394 2734 latices
416 2669 570 2732 infundere
593 2666 709 2730 cornu

104 2770 180 2820 reos;
204 2772 237 2813 ea
259 2755 318 2813 visa
342 2754 419 2814 salus
440 2753 632 2814 morientibus
654 2771 726 2821 una3

124 2842 188 2897 erat
208 2837 265 2897 hoc
286 2838 382 2916 ipsum
404 2839 504 2907 exitio,
528 2837 668 2916 furiisque
690 2836 791 2897 refecti

104 2919 189 2988 bant,
212 2921 325 2999 ipsique
346 2938 414 2980 suos
436 2924 492 2981 iam
514 2928 609 2981 morte
631 2920 684 2980 sub
707 2937 795 2998 aegra

104 3001 213 3063 neliora
236 3004 291 3080 piis
314 3021 503 3082 erroremque
524 3003 657 3064 hostibus
677 3003 782 3081 illumi)

104 3103 170 3146 ,ssos
191 3088 277 3147 nudis
298 3085 445 3147 laniabant
466 3086 601 3147 dentibus
623 3094 712 3147 artus.

124 3176 221 3230 autem
244 3171 317 3230 duro
341 3171 455 3230 fumans
477 3171 530 3230 sub
554 3188 672 3230 vomere
693 3178 794 3231 taurus

104 3252 174 3341 idit·
182 3262 210 3313 et
231 3255 352 3315 mixtum
374 3255 484 3331 spumis
505 3254 595 3314 vomit
616 3272 667 3315 ore
690 3272 825 3316 cruorem

104 3354 238 3415 equosque
261 3339 318 3398 ciet
339 3340 470 3415 gemitus.
515 3339 536 3397 it
557 3339 647 3398 tristis
670 3347 767 3399 arator

104 3426 211 3481 rentem
235 3420 394 3499 abiungens
416 3423 544 3482 fraterna
565 3429 660 3482 morte
682 3424 845 3491 iuvencum,

104 3522 121 3563 o
142 3520 231 3581 opere
253 3504 283 3561 in
305 3506 400 3564 medio
423 3505 516 3565 defrxa
537 3504 676 3582 relinquit
697 3513 802 3566 aratra.

792 3603 840 3661 5*
