2504 4094
183 240 241 303 126
515 251 660 299 vuaomr
683 250 809 298 nnuma
831 251 857 298 u

179 425 238 486 quo
259 424 307 468 res
327 425 453 486 eumque
475 407 594 482 cadent,
616 423 708 466 unum
731 411 760 465 et
781 423 937 465 commune
958 402 1113 482 periclum,

177 509 237 553 una
256 489 334 552 salus
354 491 500 552 ambobus
522 492 588 552 erit.
632 489 705 550 mihi
725 506 830 567 parvos
848 488 928 549 Iulus
1143 497 1193 552 710

177 575 215 636 sit
234 591 347 643 comes,
371 582 399 635 et
416 573 504 652 longe
526 583 622 635 servet
643 572 763 650 vestigia
784 575 921 633 coniunx.

177 676 243 731 ros,
265 656 381 728 famuli,
405 675 480 737 quae
503 659 598 720 dicam
619 657 723 718 animis
744 656 886 718 advertite
906 659 1020 717 vestris.

179 750 223 804 est
244 741 321 804 urbe
342 745 469 820 egressis
490 741 620 804 tumulus
640 740 840 820 templumque
861 747 1007 801 vetustum

179 827 313 888 desertae
335 825 450 886 Cereris
471 827 609 905 iuxtaque
629 827 746 903 antiqua
766 841 923 903 cupressus

178 909 320 988 religione
337 916 455 989 patrum
474 909 583 970 multos
600 916 714 970 servata
734 926 789 986 per
808 925 917 969 annos:
1144 917 1194 973 ⁷15

180 995 255 1056 banc
277 1012 313 1054 ex
335 992 449 1054 diverso
471 993 572 1054 sedem
591 994 742 1054 veniemus
763 994 793 1052 in
814 1009 912 1052 unam.

179 1086 225 1150 tu,
251 1079 380 1158 genitor,
404 1093 476 1155 capo
499 1094 584 1138 sacra
605 1093 694 1136 manu
712 1076 881 1154 patriosque
901 1076 1028 1153 penatis;

180 1181 241 1234 me,
265 1160 342 1224 bello
363 1179 380 1221 e
401 1167 482 1221 tanto
500 1161 664 1240 digressum
684 1168 712 1221 et
735 1159 823 1221 caede
845 1161 970 1230 recenti,

178 1253 335 1308 attrectare
352 1244 451 1315 nefas,
474 1245 567 1306 donec
589 1262 636 1306 me
659 1243 779 1306 flumine
798 1244 862 1303 vivo

180 1327 326 1391 abluero’

178 1412 253 1474 haec
273 1414 349 1474 latus
370 1413 445 1476 latos
465 1431 585 1476 umeros
603 1411 792 1490 subiectaque
815 1410 888 1472 colla

180 1503 259 1558 veste
277 1514 367 1575 super
391 1496 521 1578 fulvique
541 1499 688 1558 insternor
710 1495 786 1574 pello
806 1495 914 1564 leonis,

179 1581 365 1660 succedoque
387 1583 485 1650 oneri;
507 1582 630 1643 dextrae
651 1599 683 1642 se
703 1597 810 1658 parvos
831 1577 911 1640 iulus

179 1662 311 1743 inplicuit
330 1665 522 1744 sequiturque
541 1672 656 1744 patrem
678 1682 738 1723 non
759 1661 894 1741 passibus
912 1666 1029 1742 aequis;

179 1766 257 1827 pone
276 1747 355 1809 subit
377 1749 513 1810 coniunx.
557 1748 680 1809 terimur
701 1765 756 1825 per
777 1765 869 1825 opaca
888 1745 1036 1816 locorum;
1144 1758 1194 1811 725

180 1840 208 1894 et
229 1851 292 1902 me,
314 1851 402 1912 quem
425 1832 536 1894 dudum
558 1829 696 1892 nonulla
717 1831 823 1891 iniecta
845 1831 1001 1892 movebant

181 1915 236 1978 tela
256 1934 355 1996 nequo
376 1917 499 1978 adverso
521 1914 674 1993 glomerati
697 1933 733 1976 ex
753 1916 868 1992 agmine
890 1916 973 1986 Grai,

179 2018 259 2062 nunc
280 2018 382 2063 omnes
404 2008 517 2062 terrent
539 2017 642 2068 aurae,
663 2016 754 2060 sonus
776 2000 882 2061 excitat
904 2001 998 2060 omnis

179 2101 354 2164 suspensum
375 2095 404 2148 et
421 2087 534 2166 pariter
555 2084 713 2162 comitique
732 2084 873 2161 onerique
894 2084 1053 2145 timentem.

178 2169 296 2248 iamque
315 2169 550 2249 propinquabam
568 2170 660 2247 portis
682 2185 858 2246 omnemque
877 2166 997 2228 videbar
1145 2176 1195 2230 7³0

180 2253 304 2312 evasisse
324 2255 414 2324 nam,
437 2253 534 2315 subito
557 2271 624 2314 cum
646 2254 751 2315 creber
770 2252 806 2312 ad
825 2253 904 2313 auris
1191 2288 1193 2290 -

178 2335 257 2395 risus
274 2333 378 2397 adesse
398 2337 507 2415 pedum
529 2341 657 2407 sonitus,
680 2339 854 2415 genitorque
875 2354 928 2415 per
949 2335 1085 2397 umbram

178 2419 360 2496 prospiciens
383 2420 479 2480 ‘nato'
502 2418 657 2489 exclamat,
681 2421 780 2498 ‘iuge
803 2429 884 2488 nate;
907 2420 1113 2499 propinquant.

180 2500 309 2562 ardentis
327 2500 437 2579 clipeos
459 2509 547 2582 atque
565 2520 633 2563 aera
654 2502 791 2563 micantia
814 2503 929 2563 cerno'

181 2586 227 2646 die
245 2583 317 2645 mihi
340 2585 537 2664 nescioquod
559 2585 675 2663 trepido
696 2583 772 2645 male
794 2602 904 2646 numen
925 2590 1051 2650 amicum
1143 2597 1194 2653 735

180 2668 331 2730 contrusam
354 2668 461 2746 eripuit
482 2675 620 2728 mentem.
663 2685 791 2747 namque
813 2671 875 2729 avia
899 2688 987 2732 cursu

179 2751 250 2813 dum
267 2769 375 2830 sequor
398 2757 427 2812 et
447 2759 516 2811 nota
541 2751 650 2813 excedo
672 2753 793 2829 regione
813 2754 941 2824 riarum,

178 2833 237 2896 beu
255 2835 364 2896 misero
385 2836 512 2897 coniunx
533 2835 592 2896 lato
614 2836 653 2896 mi
675 2844 775 2915 erepta
796 2836 914 2899 Creusa.

179 2917 307 2979 substitit
330 2920 474 2982 erravitne
494 2921 539 2982 via
561 2936 614 2983 seu
635 2919 711 2983 lassa
732 2921 842 2984 resedit

179 3003 338 3064 incertum:
361 3023 416 3066 nec
437 3013 504 3084 post
525 3003 617 3068 oculis
639 3013 683 3066 ost
701 3005 816 3068 reddita
835 3009 958 3078 nostris,
1144 3015 1196 3070 rto

179 3103 234 3148 nec
254 3089 337 3167 prius
359 3091 494 3151 amissam
514 3093 632 3170 respexi
652 3092 818 3154 animumve
838 3091 954 3160 reflexi,

178 3186 267 3246 quam
286 3172 431 3235 tumulum
450 3177 587 3252 antiquae
607 3174 722 3236 Cereris
742 3176 902 3252 sedemque
919 3181 1063 3237 sacratam

179 3255 325 3323 venimus:
348 3256 397 3316 bic
418 3257 537 3318 demum
560 3257 688 3318 collectis
709 3257 845 3318 omnibus
861 3274 920 3318 una

179 3336 272 3398 deluit
290 3344 319 3398 et
341 3340 462 3399 comites
482 3348 642 3417 natumque
663 3341 817 3418 virumque
836 3339 947 3402 fefellit.

180 3438 268 3499 quem
286 3437 345 3480 non
364 3422 494 3483 incusari
516 3439 617 3484 amens
640 3422 851 3503 hominumque
873 3425 1071 3506 deorumque,
1141 3435 1195 3492 tta

181 3513 230 3568 aut
251 3504 320 3584 quid
340 3505 371 3563 in
390 3522 490 3567 eversa
510 3506 567 3567 vidi
590 3504 737 3568 crudelius
756 3506 849 3569 urbe?
