2512 4096
383 285 526 335 vunnim
548 286 674 335 anunm
697 286 760 334 v111
1018 273 1077 336 241

60 444 221 529 persolves.
254 462 309 524 ego
327 462 402 515 sum,
428 443 516 524 pleno
541 461 630 524 quem
652 441 773 505 ilumlne
797 444 893 504 cernis
933 518 936 525 Ι

59 533 253 608 stringentem
273 531 354 608 ripas
374 537 404 591 'et
426 529 546 608 pinguia
570 527 647 590 culta
671 535 829 598 secantem,

58 613 211 676 caeruleus
231 613 367 693 Thybris,
388 612 469 676 caelo
489 614 672 691 gratissimus
695 613 797 673 amnis.

58 699 107 760 hle
126 698 197 760 mihi
220 716 325 778 magna
345 699 458 770 domus,
483 696 567 759 celsis
589 703 678 778 caput
694 695 832 768 «urbibus,
856 696 933 757 mit!
1047 703 1080 754 tt

101 783 186 854 Dixit,
210 782 316 845 deiude
337 781 404 844 lacu
427 783 532 845 llurius
550 800 585 845 se
608 781 739 843 condidit
758 780 826 850 alto,

56 869 115 929 ima
134 874 254 947 petens;
278 885 338 929 nox
359 868 480 930 Aenean
497 885 680 947 somnusque
702 865 829 945 reliquit.

56 954 151 1030 surgit
173 959 202 1013 et
225 951 348 1014 aetherii
369 959 508 1032 spectans
529 953 653 1013 orientia
672 951 744 1013 solis

57 1036 169 1097 lumina
191 1036 247 1099 rite
269 1038 347 1099 caris
369 1037 479 1099 undam
502 1036 538 1097 de
557 1035 679 1097 tlumlne
701 1034 807 1116 palmis

57 1121 182 1182 sustinet
205 1137 242 1182 ac
263 1121 328 1183 talis
351 1121 473 1184 effundit
496 1121 532 1181 ad
554 1121 674 1181 aethera
693 1137 794 1181 voces:
1048 1121 1082 1172 70

57 1203 230 1285 ‘nymphae
253 1205 416 1267 Laurentes
437 1205 592 1284 nymphae,
617 1221 710 1282 genus
732 1202 868 1264 amnibus
889 1200 1006 1265 undest.

58 1296 158 1369 tuque,
184 1306 201 1348 o
224 1287 337 1368 Thybri
359 1297 410 1350 tuo
433 1291 548 1366 genitor
565 1306 639 1349 cum
661 1287 782 1349 llumiue
804 1291 915 1356 sancto,
954 1352 961 1365 ,

57 1373 181 1452 accipite
199 1372 319 1434 Aenean
340 1380 369 1435 et
392 1371 510 1434 tandem
532 1378 633 1433 arcete
650 1370 779 1452 periclis.

57 1474 115 1535 quo
138 1462 168 1517 te
190 1473 319 1537 cumque
341 1455 423 1520 lacus
445 1459 634 1518 miserantem
653 1456 840 1537 incommoda
861 1463 962 1517 nostra

57 1539 137 1601 fonte
157 1546 246 1612 tenet,
268 1559 456 1621 quocumque
474 1540 541 1602 solo
564 1540 783 1620 pulcherrimus
801 1541 876 1610 eris,
1049 1543 1082 1594 tt

56 1641 175 1704 semper
197 1624 312 1687 honore
334 1644 411 1697 meo,
434 1643 552 1705 semper
570 1624 762 1688 celebrabere
786 1625 879 1696 donis,

56 1709 195 1786 corniger
218 1709 409 1789 hesperidum
431 1711 537 1772 tluyiuu
557 1717 698 1790 regnator
717 1727 872 1789 aquarum.

56 1791 134 1853 adsis
154 1811 171 1852 o
193 1798 307 1855 tantum
329 1802 357 1855 et
377 1797 502 1875 propius
523 1803 574 1856 tua
594 1796 714 1856 numina
735 1792 855 1855 llrmes.'

56 1878 98 1937 sic
121 1886 267 1940 memorat
288 1881 479 1957 geminasque
503 1878 573 1957 legit
592 1879 629 1939 de
650 1877 743 1940 classe
765 1877 887 1938 biremis

56 1962 239 2041 remigioque
258 1968 347 2042 aptat,
367 1965 463 2024 socios
485 1962 573 2024 simul
593 1962 712 2022 instruit
732 1963 832 2021 armis.
1047 1961 1082 2013 80

99 2044 175 2107 Ecce
198 2052 296 2107 autem
319 2046 451 2106 subitum
475 2052 563 2123 atque
585 2043 678 2105 oculis
700 2043 835 2104 mirabile
858 2047 1033 2108 monstrum,

57 2128 180 2190 candida
201 2147 255 2208 per
279 2129 381 2190 silvam
404 2147 471 2191 cnm
491 2129 552 2189 letu
576 2126 714 2188 concolor
733 2125 799 2187 albo

57 2210 216 2292 procubuit
235 2211 380 2291 viridique
401 2213 432 2272 in
452 2211 537 2272 litore
560 2211 741 2290 conspicitur
762 2227 822 2272 sus.

57 2314 146 2376 quam
165 2298 232 2375 plus
252 2297 366 2358 Aeneas
386 2295 440 2356 tibi
464 2295 550 2365 enim,
571 2293 635 2366 tibi,
658 2312 796 2356 maxuma
818 2295 900 2365 luno,

58 2386 166 2442 mactat
186 2399 270 2442 sacra
291 2381 390 2442 ferens
413 2388 442 2441 et
464 2396 532 2439 cum
554 2395 646 2459 grege
666 2379 741 2440 sistit
761 2379 798 2440 ad
818 2395 909 2440 aram.
1048 2381 1082 2432 st

57 2463 185 2544 Thybris
208 2483 242 2525 ea
262 2464 392 2534 lluvium,
416 2480 505 2541 quam
527 2461 615 2542 longa
638 2470 690 2534 est,
713 2471 798 2525 nocte
822 2467 984 2524 tumentem

14 2604 17 2612 1
57 2547 148 2618 leniit,
173 2558 202 2610 et
223 2550 309 2610 tacita
331 2548 462 2610 relluens
486 2549 525 2608 ita
547 2548 677 2610 substitit
698 2548 785 2619 unda,

57 2633 136 2692 mitis
158 2639 191 2694 ut
210 2634 240 2694 iu
262 2651 377 2695 morem
400 2633 495 2712 stagni
516 2632 708 2712 placidaeque
730 2631 845 2712 paludis
898 2673 901 2677 ι

56 2723 203 2779 sterneret
223 2736 335 2798 aequor
356 2719 450 2798 aquis,
470 2735 554 2779 remo
576 2725 608 2779 ut
630 2716 779 2778 luctamen
802 2715 927 2777 abesset.

59 2819 130 2880 ergo
154 2803 210 2864 iter
231 2802 381 2883 inceptum
405 2802 535 2864 celerant
553 2820 675 2863 rumore
697 2800 836 2864 secundo.
1049 2803 1084 2856 td

57 2885 167 2947 labitur
189 2893 278 2947 uncta
298 2887 380 2947 radis
398 2885 493 2946 abies:
514 2886 658 2947 mirantur
681 2894 709 2946 et
729 2886 835 2955 undae,

60 2969 183 3028 miratur
202 2987 307 3029 nemim
328 2971 479 3030 insuetum
502 2967 642 3046 fulgentia
664 2967 751 3046 longe

60 3058 143 3112 scuta
164 3053 258 3113 virum
281 3051 368 3113 llurio
389 3054 543 3132 pictasque
565 3053 669 3112 innare
692 3053 816 3113 carinas.

60 3134 111 3196 olli
131 3137 255 3216 remigio
278 3143 456 3217 noctemque
477 3137 613 3214 diemque
634 3135 757 3216 fatigant

61 3227 90 3282 et
111 3216 215 3299 longos
235 3228 377 3301 superant
397 3221 491 3283 flexus
510 3220 660 3300 larisque
682 3228 821 3303 teguntur
1046 3221 1084 3279 ‘35

60 3303 219 3366 arboribus
237 3306 396 3384 viridisque
416 3312 517 3368 secant
534 3303 651 3385 placido
673 3324 802 3388 aequore
825 3305 920 3367 silv-as

62 3388 107 3450 sol
131 3388 261 3450 medium
282 3387 355 3450 caeli
374 3388 589 3453 conscenderat
612 3389 716 3468 igneus
736 3387 850 3463 orbem,

62 3492 130 3536 cum
152 3491 252 3534 muros
274 3491 433 3554 arcemque
454 3473 612 3555 proculae
633 3494 701 3537 rara
724 3477 879 3537 domorum

62 3565 138 3620 tecta
159 3558 267 3630 rident,
291 3575 368 3637 quae
388 3576 466 3620 nunc
488 3559 619 3621 Romana
639 3563 769 3640 potentia
792 3558 873 3622 caelo

116 3675 247 3718 erassem.
269 3674 382 3712 resurr..
609 3686 612 3690 ’
839 3655 876 3716 16
