2504 4094
120 295 180 359 338
448 305 803 354 murmurarem

120 461 297 538 aetheraque
318 459 479 521 obscurant
498 462 597 541 pinnis
617 459 793 538 hostemtqne
817 477 877 538 per
900 475 992 520 auru

120 544 194 604 facta
216 542 296 604 nnlae
316 553 464 622 premunt,
486 543 580 604 donec
598 543 626 602 ri
645 545 738 603 rictus
756 549 788 602 et
809 543 880 621 lpso

119 627 250 704 pondere
270 626 388 696 deiecit,
410 628 609 705 praedamque
630 644 667 686 ex
685 623 838 702 unguibus
859 624 926 687 ates
1074 626 1106 679 fl

119 711 241 788 proiecit
261 708 348 770 durio
371 713 545 789 penitusque
567 713 596 770 in
618 708 717 769 nubila
739 707 824 784 fugit

119 804 180 854 tum
201 811 271 854 vero
290 795 446 870 augurium
466 793 566 853 Rutuli
588 791 717 852 clamore
737 790 870 852 salutant

120 877 334 955 expediuntque
353 894 472 944 manus;
495 879 664 954 primusque
682 873 859 935 Tohamnius
879 890 983 951 augur

120 959 191 1020 ‘hoc
213 968 285 1029 erat
306 960 372 1028 hoe,
395 959 483 1018 rotis'
502 961 598 1036 inquit
619 957 715 1038 ‘qnod
735 974 826 1035 saepe
847 957 951 1036 petivi

119 1044 230 1121 accipio
249 1044 455 1121 adgnoscoque
477 1043 561 1110 deos;
584 1060 640 1112 me,
663 1059 711 1101 me
732 1039 809 1101 duce
831 1041 950 1101 ferrum
1079 1041 1111 1094 att

120 1128 268 1206 corripite,
292 1146 310 1186 n
333 1126 441 1193 miseri,
465 1143 539 1203 quoa
561 1123 704 1203 inprobus
723 1122 837 1184 advena
856 1122 939 1184 bello

119 1211 233 1270 territat
253 1209 391 1269 invalidas
411 1216 445 1269 ut
466 1226 534 1268 ares
557 1215 586 1269 et
607 1207 692 1268 litora
710 1213 807 1266 vestra

120 1295 145 1352 ri
167 1292 302 1371 populat:
325 1300 405 1371 petet
424 1290 473 1353 ille
495 1290 592 1370 lugam
612 1293 785 1368 penitusque
805 1289 959 1367 profundo

120 1374 182 1436 vela
203 1375 292 1436 dabit
325 1393 376 1435 ros
397 1375 527 1436 unanimi
550 1375 670 1435 densete
692 1380 824 1433 catervas

120 1468 148 1516 et
169 1474 271 1533 regem
293 1456 375 1518 vobis
394 1476 493 1537 pugna
513 1457 660 1519 defendite
678 1457 816 1535 raptum!
1079 1457 1116 1509 fil

120 1539 191 1599 dixit
210 1548 238 1600 et
259 1541 396 1601 adversos
419 1541 509 1602 telum
532 1541 673 1601 contorsit
693 1541 723 1598 in
744 1538 837 1597 hostis

120 1639 310 1700 procurrens:
334 1625 460 1684 sonitum
483 1624 531 1684 dat
551 1621 673 1685 stridula
693 1638 801 1683 cornus
826 1627 857 1680 et
878 1638 969 1682 auras

120 1712 198 1764 certa
218 1713 305 1765 secat.
337 1705 424 1766 simul
443 1706 508 1775 hoc,
532 1706 619 1766 simul
640 1707 742 1782 ingens
760 1703 872 1764 clamor
892 1712 922 1764 et
941 1720 1048 1765 omncs

120 1787 228 1848 turbati
247 1790 332 1849 cunei
353 1787 550 1865 calefactaque
573 1789 663 1849 eorda
683 1785 818 1849 tumnlna.
1151 1784 1154 1795 '

119 1870 201 1932 hasta
222 1870 330 1940 volans,
355 1880 386 1932 ut
408 1871 483 1932 forte
502 1890 606 1932 novem
627 1871 825 1950 pulcherrima
847 1869 977 1929 fratrum
1079 1869 1116 1923 att

120 1971 242 2034 corpora
264 1955 452 2015 constiterant
473 1963 584 2023 contra,
607 1972 681 2035 qnos
702 1953 758 2012 fida
778 1960 895 2012 crearat

119 2054 177 2098 una
197 2044 240 2097 tot
260 2038 384 2099 Arcadio
407 2040 534 2098 coniunx
553 2036 705 2116 Tyrrhena
727 2034 860 2114 Gylippo,
1152 2098 1154 2103 ,

120 2119 227 2181 horum
246 2138 337 2180 unum
355 2122 391 2182 ad
414 2121 552 2189 medinm,
575 2122 678 2180 teritur
698 2136 754 2198 qna
776 2116 868 2178 sutilis
891 2116 958 2178 alvo
1152 2110 1154 2187 ἱ

119 2202 231 2263 balteus
253 2210 282 2263 et
299 2202 423 2264 laterum
443 2206 593 2265 iuncturas
614 2201 703 2262 fibula
721 2200 845 2269 mordet,
1152 2218 1154 2229 ·

119 2287 269 2363 egregium
290 2285 384 2346 forma
406 2288 541 2347 invenem
560 2293 589 2346 et
610 2283 787 2362 fulgentibus
809 2284 901 2342 armis
1079 2286 1122 2338 tlt

119 2367 288 2445 transadigit
305 2375 399 2428 costas
421 2368 556 2447 fulvaque
576 2367 699 2428 effundit
717 2367 836 2427 harena.

118 2456 146 2509 at
167 2449 281 2519 fratres,
303 2452 432 2511 animosa
453 2450 580 2529 phalanx
601 2467 781 2529 accensaque
801 2448 891 2518 luctu,

118 2548 186 2608 pars
209 2531 318 2608 gladios
342 2536 488 2610 stringunt
507 2532 651 2603 manibus,
674 2550 743 2611 pars
762 2529 870 2605 mmsile
889 2531 1006 2593 sermm

119 2615 281 2690 corripiunt
301 2617 441 2692 caecique
460 2625 558 2676 ruunt.
592 2633 664 2692 quos
686 2616 802 2691 agmlna
824 2622 929 2675 eontra

118 2702 297 2775 procurrunt
319 2696 505 2766 Laurentum,
526 2697 595 2757 hinc
617 2696 699 2757 densi
721 2715 824 2758 rursus
844 2698 990 2758 inundant
1077 2703 1123 2756 28⁰

118 2775 210 2839 Troes
230 2777 412 2858 Agyllinique
430 2786 459 2840 et
479 2779 565 2856 pictis
586 2779 713 2840 Arcades
735 2782 838 2841 armis:

117 2862 160 2921 ale
178 2862 272 2921 omnis
291 2878 373 2922 arnor
395 2878 470 2922 unus
492 2860 580 2921 habet
597 2861 758 2924 decernere
781 2864 871 2923 ferro,

118 2942 266 3022 diripuere
288 2962 353 3006 aras
376 2945 408 3022 (it
428 2952 488 3006 toto
511 2944 628 3006 turbida
650 2945 730 3007 caelo

118 3033 274 3107 tempestas
291 3027 416 3090 telorum
438 3046 473 3090 ac
494 3028 609 3090 ferrens
628 3031 739 3107 ingruit
759 3028 861 3107 imber)

119 3118 305 3190 craterasque
329 3112 466 3191 iocosque
488 3113 594 3174 ferunt.
626 3113 698 3191 fugit
719 3114 781 3190 ipsc
800 3111 916 3170 Latinus
1074 3115 1119 3168 tel

119 3191 247 3268 pulsatos
266 3195 398 3255 referens
420 3196 526 3256 infecto
549 3195 668 3255 foedere
688 3195 777 3255 divos.

118 3273 264 3335 infrenant
282 3275 329 3337 alil
351 3296 457 3339 currus
478 3285 528 3337 aut
550 3295 674 3356 corpora
695 3277 768 3338 saltu

118 3357 263 3418 subiciunt
282 3361 312 3419 in
333 3378 424 3439 equos
444 3368 472 3420 et
494 3361 601 3420 strictis
622 3359 738 3421 ensibus
760 3359 873 3420 adsunt.

120 3438 268 3518 Messapus
288 3458 389 3519 regem
411 3443 545 3519 regisque
566 3443 679 3518 insigne
702 3446 860 3518 gerentem,

120 3521 303 3602 Tyrrhenum
325 3522 472 3594 dulesten,
489 3524 589 3585 aridus
611 3523 791 3585 confundere
813 3521 923 3591 foedus,
1071 3523 1120 3582 2⁹⁰
