2504 4094
32 287 35 293 .
123 238 164 301 78
408 251 552 298 venerer
575 248 778 298 onoaercou
799 251 853 298 uu

122 421 214 481 usque
242 403 380 466 coloratis
412 404 504 464 amnis
526 403 653 465 devexus
675 403 711 464 ab
733 402 826 482 lndis]

122 503 238 565 quaque
260 486 444 564 pharetratae
465 488 567 548 vicinia
589 486 715 548 Persidis
737 496 851 566 urguet,

121 569 217 629 omnis
238 571 267 630 in
289 570 345 630 hac
367 578 478 631 certam
499 573 580 649 regio
603 571 670 631 iacit
691 577 753 632 arte
775 570 908 631 salutem.

121 652 243 729 exiguus
265 655 392 732 primum
414 661 500 733 atque
522 655 601 731 ipsos
623 660 790 714 contractus
811 655 841 714 in
863 671 933 714 usus

121 734 236 813 eligitur
257 735 355 806 locus;
379 737 458 798 huno
479 738 652 816 angustique
673 735 795 798 imbrice
816 739 886 798 tecti

119 818 337 899 parietibusque
358 828 496 899 premunt
518 823 601 890 artis,
625 827 655 881 et
674 827 811 898 quattuor
834 821 951 888 addunt,

120 909 258 980 quattuor
279 921 296 963 a
318 904 410 967 ventis
433 903 555 982 obliqua.
570 903 636 965 luce
657 903 809 964 fenestras.

120 991 182 1046 tum
204 985 310 1047 vitulus
331 986 409 1047 bima
432 1005 555 1048 curvans
576 989 634 1048 iam
656 1004 766 1047 cornua
789 986 885 1047 fronte

119 1070 282 1147 quaesitum
306 1070 375 1131 huic
394 1071 526 1147 geminae
547 1088 633 1132 nares
656 1078 683 1131 et
704 1071 823 1147 spiritus
844 1071 903 1130 oris

118 1151 209 1214 multa
231 1151 385 1215 reluctanti
407 1156 581 1232 opstruitur,
604 1153 754 1232 plagisque
776 1160 927 1231 perempto

118 1244 204 1297 tunsa
225 1254 279 1315 per
300 1238 443 1316 integram
465 1237 614 1299 solventur
637 1239 745 1298 viscera
768 1235 882 1315 pellem.

119 1319 161 1379 sic
182 1319 309 1397 positum
330 1321 361 1381 in
383 1320 481 1382 clauso
503 1319 628 1390 lincunt,
651 1327 679 1381 et
700 1338 798 1380 ramea
821 1323 909 1380 costis

120 1401 266 1463 subiciunt
286 1404 463 1483 fragmenta,
486 1404 618 1484 thymum
641 1405 790 1483 casiasque
811 1403 946 1465 recentis.

119 1484 176 1545 hoc
197 1487 309 1562 geritur
330 1487 463 1567 zephyris
484 1489 613 1567 primum
635 1486 840 1567 inpellentibus
861 1485 963 1555 undas,

120 1575 186 1629 ante
208 1571 289 1630 novis
311 1570 436 1632 rubeant
457 1590 544 1650 quam
566 1580 649 1648 prata
671 1569 833 1638 coloribus,
859 1575 925 1630 ante

119 1649 236 1730 garrula
259 1671 346 1731 quam
367 1655 454 1730 tignis
475 1655 576 1715 nidum
598 1654 757 1732 suspendat
777 1652 913 1713 hirundo

120 1735 230 1799 hiterea
252 1738 361 1798 teneris
381 1738 541 1815 tepefactus
562 1738 592 1797 in
614 1736 728 1798 ossibus
750 1754 835 1797 umor

120 1825 246 1889 aestuat,
270 1827 299 1881 et
319 1820 438 1881 visenda
459 1821 553 1880 modis
575 1820 708 1883 animalia
730 1820 820 1889 miris,

120 1910 221 1964 trunca
243 1904 350 1982 pedum
373 1904 483 1981 primo,
506 1923 574 1964 mox
597 1913 625 1965 et
645 1904 795 1964 stridentia
817 1903 921 1981 pinnis,

118 1989 293 2056 miscentur,
315 1994 492 2067 tenuemque
514 1990 606 2066 magis
626 1989 718 2065 magis
740 1992 809 2047 atra
832 1992 963 2064 carpunt,

119 2069 212 2131 donec
234 2078 267 2131 ut
288 2072 402 2132 aestivis
425 2072 533 2133 effusus
554 2070 682 2132 nubibus
701 2069 795 2130 imber

120 2170 244 2231 erupere
266 2163 316 2215 aut
337 2164 369 2216 ut
390 2173 480 2217 nervo
502 2154 635 2233 pulsante
656 2155 786 2231 sagittae,

119 2236 212 2313 prima
233 2235 312 2298 leves
333 2239 435 2299 ineunt
456 2239 597 2319 siquando
620 2236 728 2315 proelia
751 2237 859 2296 Parthi.

69 2332 77 2355 ·
162 2318 232 2390 Quis
254 2320 326 2381 deus
346 2322 437 2390 hane,
460 2340 575 2392 musae,
598 2323 662 2400 quis
682 2320 768 2380 nobis
790 2320 900 2380 extudit
922 2320 1034 2379 artem?
1080 2333 1131 2385 315

120 2399 198 2462 unde
220 2419 294 2463 nova
316 2405 465 2481 ingressus
486 2405 639 2465 hominum
661 2405 837 2482 experientia
862 2402 957 2481 cepit?

119 2491 219 2562 pastor
240 2486 388 2547 Aristaeus
410 2487 524 2565 lugiens
546 2486 650 2547 Peneia
688 2497 784 2565 tempe

119 2568 247 2637 arnissis,
269 2570 414 2637 ultuma,
438 2570 542 2646 apibus
563 2568 726 2649 morboque
748 2571 882 2649 fameque

120 2651 207 2711 tristis
230 2651 266 2711 ad
289 2654 411 2712 extremi
432 2671 549 2713 sacrum
572 2661 659 2730 caput
681 2653 789 2715 adstitit
810 2655 904 2714 amuis

118 2732 208 2794 multa
231 2752 357 2812 querens
379 2743 466 2813 atque
488 2735 543 2797 lrac
564 2735 677 2797 adfatus
698 2755 769 2798 voce
791 2745 959 2815 parentem:
1080 2751 1133 2803 3⁸20

120 2825 240 2887 ‘maten
264 2816 375 2896 Cyrene
397 2827 508 2889 mater,
532 2837 606 2899 quae
628 2822 750 2898 gurgitis
770 2821 857 2881 huius

118 2901 176 2960 ima
197 2908 294 2971 tenes,
317 2903 387 2981 quid
408 2921 455 2964 me
477 2903 627 2982 praeclara
649 2905 739 2982 stirpe
761 2905 883 2965 deorum

120 2982 153 3062 (si
174 2984 279 3054 modo,
302 3004 389 3064 quem
411 2986 565 3065 perhibes,
587 2996 670 3066 pater
692 2996 736 3049 est
757 2988 958 3066 Thymbraeus
980 2987 1094 3068 Apollo)

119 3067 241 3127 invisum
263 3068 328 3129 latis
350 3072 492 3147 genuisti?
535 3077 585 3132 aut
607 3090 664 3150 quo
686 3070 738 3131 tibi
760 3072 853 3132 nostri

118 3148 220 3227 pulsus
241 3154 342 3213 arnor?
385 3155 454 3233 quid
475 3173 523 3215 me
546 3155 659 3215 caelum
680 3171 801 3230 sperare
822 3153 962 3215 iubebas?
1077 3168 1129 3220 325

120 3251 155 3294 en
179 3234 264 3294 etiam
285 3233 364 3296 hunc
386 3239 481 3314 ipsum
503 3239 577 3297 vitae
599 3236 730 3298 mortalis
751 3235 910 3305 honorem,

120 3335 206 3396 quem
228 3317 299 3377 mihi
320 3321 366 3379 vix
388 3320 507 3395 frugum
529 3328 558 3380 et
579 3319 725 3396 pecudum
749 3318 878 3379 custodia
901 3320 1005 3382 sollers

119 3401 215 3462 omnia
236 3405 388 3480 temptanti
410 3402 575 3472 extuderat,
599 3409 627 3462 te
649 3408 741 3462 matre
762 3401 904 3482 relinquo.

120 3484 188 3565 quin
210 3502 264 3563 age
283 3492 311 3545 et
333 3485 394 3564 ipsa
415 3503 504 3546 manu
524 3485 708 3548 lelicis·erue
730 3485 829 3555 silvas,
