2512 4096
434 341 577 390 vnncrm
597 341 733 391 ECLOGA
757 343 794 390 IV

234 496 291 556 iam
313 495 388 555 redit
410 502 439 556 et
459 498 559 573 virgo,
581 497 707 558 redeunt
728 497 863 558 Saturnia
884 514 991 574 regna;

233 581 291 639 iam
313 597 386 639 nova
408 581 565 656 progenies
588 579 668 640 caelo
691 581 850 641 demittitur
872 579 939 640 alto.

239 674 269 723 tu
291 662 379 722 modo
402 665 533 723 nascenti
554 681 662 740 puero,
687 682 744 741 qno
766 664 862 724 ferrea
885 665 1011 740 primum

234 746 354 806 desinet
367 765 401 805 ac
422 753 484 806 toto
506 755 607 823 surget
628 764 699 824 gens
721 765 809 808 aurea
831 748 951 817 mundo,

234 835 311 889 casta
333 829 397 889 lave
418 829 543 890 Lucina:
565 838 632 890 tuus
654 833 716 890 iam·
732 838 837 908 regnat
857 830 969 907 Apollo.
1086 847 1117 898 10

234 909 335 990 Teque
356 913 429 973 adeo
452 913 541 973 decus
562 914 619 973 hoc
641 916 717 982 aevi,
748 921 776 974 te
798 913 919 974 consule
940 915 1033 978 inibit,

233 996 334 1066 Polio,
358 1003 386 1057 et
407 997 546 1073 incipient
567 999 664 1074 magni
685 998 848 1073 procedere
869 1015 1001 1061 menses:

234 1085 264 1139 te
285 1080 374 1149 duce,
397 1082 480 1157 siqua
501 1088 621 1140 manent
642 1080 761 1141 sceleris
782 1082 902 1157 vestigia
925 1082 1030 1156 nostri,

234 1163 320 1223 inrita
342 1171 484 1241 perpetua
506 1164 618 1223 solvent
639 1164 794 1224 formidine
815 1172 919 1225 terras.

238 1245 287 1306 ille
309 1246 396 1306 deum
416 1249 504 1306 vitam
525 1248 660 1323 accipiet,
684 1248 815 1325 divisque
836 1246 945 1307 videbit
1084 1244 1121 1314 15'

235 1330 395 1405 permixtos
416 1329 535 1400 heroas,
559 1332 671 1406 etipse
693 1330 838 1390 videbitur
859 1329 924 1398 illis,

235 1420 429 1491 pacatumque
450 1421 532 1490 reget
553 1415 654 1490 patriis
677 1414 830 1473 virtutihus
852 1413 964 1473 orbem.

187 1524 190 1529 ·
232 1497 269 1556 At
288 1495 341 1555 tibi
362 1497 470 1573 prima,
493 1514 582 1573 puer,
604 1496 684 1557 nullo
706 1496 877 1558 munuscula
900 1496 980 1559 cultu

235 1582 359 1641 errantis
380 1580 504 1639 hederas
524 1581 632 1657 passim
655 1599 721 1641 cum
742 1580 866 1642 baccare
886 1580 972 1642 tellus

236 1665 384 1741 mixtaque
404 1664 511 1724 ridenti
533 1663 676 1725 colocasia
697 1664 799 1725 lundet
821 1664 956 1725 acantho.
1084 1677 1118 1728 20

234 1749 314 1825 ipsae
335 1747 409 1808 lacte
432 1748 551 1809 domum
573 1747 701 1809 relerent
723 1749 847 1809 distenta
869 1746 998 1824 capellae

233 1831 340 1900 ubera,
362 1849 418 1892 nec
439 1849 562 1908 magnos
583 1839 714 1892 metuent
735 1839 865 1891 armenta
888 1831 997 1891 leones.

233 1916 296 1992 ipsa
317 1913 370 1974 tibi
391 1915 514 1975 blandos
536 1916 659 1977 fundent
680 1913 944 1975 cunabula'ilores.

235 1998 348 2058 occidet
369 2007 399 2058 et
419 2016 556 2075 serpens,
581 2006 609 2059 et
630 1998 716 2058 fallax
738 1997 831 2057 herba
852 1998 957 2056 veneni
1078 2000 1080 2005 '
1101 1988 1114 2040 l

236 2082 363 2149 occidet;
385 2083 535 2160 Assyrium
556 2080 641 2156 volgo
663 2088 799 2140 nascetur
821 2095 978 2138 amomum.
1084 2091 1117 2145 25

240 2165 276 2224 lt
297 2164 383 2224 simul
404 2165 529 2224 heroum
549 2163 650 2223 laudes
673 2169 703 2222 et
723 2161 799 2221 lacta
820 2163 948 2237 parentis

234 2249 292 2306 iam
313 2246 412 2323 legere
434 2255 463 2306 et
485 2265 560 2323 quae
581 2247 618 2304 sit
638 2247 747 2321 poteris
770 2259 948 2320 cognoscere
970 2247 1074 2308 virtus:

236 2327 316 2388 molli
338 2327 475 2404 pandatim
497 2328 634 2388 flavescet
656 2346 775 2404 campus
798 2329 894 2397 arista,

235 2411 409 2490 incultisque
430 2412 541 2472 rubens
561 2412 699 2489 pendebit
721 2411 851 2472 sentibus
873 2431 937 2480 uva,
974 2476 979 2484 ,

236 2503 264 2556 et
286 2496 376 2555 durae
398 2513 525 2574 quercus
546 2495 693 2556 sudabunt
714 2495 828 2555 roscida
850 2495 947 2555 mella.
1085 2510 1119 2564 30

230 2597 323 2657 pauca
345 2586 443 2640 tamen
464 2579 607 2640 suberunt
628 2581 742 2656 priscae
763 2580 881 2656 vestigia
904 2579 1023 2649 fraudis

205 2715 208 2722 ,
235 2681 310 2741 quae
330 2670 472 2740 temptare
494 2663 609 2723 Thetim
635 2663 760 2732 ratibus,
790 2680 864 2740 quae
887 2665 1004 2740 cingere
1026 2666 1118 2726 muris

235 2746 356 2823 oppida,
381 2765 455 2824 quae
475 2747 596 2807 iubeant
616 2746 713 2806 telluri
734 2747 878 2807 infindere
899 2746 1005 2807 sulcos,

127 2827 134 2839 ’
236 2830 309 2890 alter
332 2832 386 2889 erit
406 2837 469 2890 tum
490 2831 617 2909 Tiphys,
640 2837 668 2890 et
690 2831 780 2890 altera
803 2848 877 2906 quae
899 2830 985 2891 vehat
1006 2832 1084 2908 Argo

236 2912 363 2974 delectos
385 2913 503 2982 heroas;
528 2921 614 2974 erunt
635 2915 721 2974 etiam
743 2912 834 2973 altera
856 2912 942 2983 bella,
1083 2927 1116 2978 35

236 3004 324 3073 atque
351 2997 457 3056 iterum
486 2996 522 3056 ad
544 2997 662 3056 Troiam
684 3013 807 3071 magnus
829 2999 959 3056 mittetur
980 2997 1115 3058 Achilles.

234 3080 323 3147 Hinc,
347 3079 397 3139 ubi
419 3081 475 3138 iam
498 3081 610 3139 firmata
633 3081 727 3138 virum
749 3086 778 3138 te
799 3079 902 3139 lecerit
923 3087 1011 3150 aetas,

237 3163 320 3223 cedet
341 3166 452 3240 etipse
474 3165 548 3223 mari
570 3173 683 3232 vector,
706 3180 761 3222 nec
783 3164 899 3222 nautica
921 3164 1007 3240 pinus

235 3246 358 3306 mutabit
379 3261 506 3308 merces:
531 3249 624 3306 omnis
646 3247 720 3306 ieret
742 3248 838 3306 omnia
860 3245 953 3307 tellus.

238 3347 297 3389 non
318 3340 429 3391 rastros
450 3332 575 3408 patietur
597 3331 717 3400 humus,
741 3348 800 3389 non
822 3331 905 3390 vinea
927 3330 1047 3397 salcom3
1083 3337 1117 3389 to

214 3413 373 3474 ,robustus
395 3434 511 3493 quoque
533 3417 590 3475 iam
613 3415 704 3474 tauris
725 3415 791 3491 iuga
814 3412 906 3472 solvet
928 3420 1041 3486 arat0r3

236 3514 291 3555 nec
311 3500 405 3558 vanos
428 3500 519 3559 discet
539 3499 657 3558 mentiri
678 3497 742 3556 lana
766 3495 888 3563 colores

152 3601 170 3656 g
234 3580 296 3656 ipse
317 3581 369 3640 scd
390 3583 420 3641 in
442 3584 533 3660 pratis
555 3583 631 3640 aries
652 3581 710 3639 iam
731 3596 819 3639 suave
841 3577 958 3637 rubenti
