2504 4094
210 318 273 380 Mt
534 327 678 375 venum
696 327 823 376 murs
840 329 892 374 ιιι

210 485 370 543 semineces
389 481 476 541 rolrit
497 480 605 541 multos
622 490 672 541 aut
692 484 807 559 agrmm
826 499 917 542 curru

209 567 332 642 proterit
353 574 403 625 aut
425 574 524 642 raptas
545 564 723 642 fugientibus
743 566 850 641 ingerit
870 563 984 625 hastas
1174 569 1210 624 tet

210 647 304 726 qualis
325 655 395 726 aput
412 646 499 725 gelidi
521 666 589 708 cum
610 646 731 708 flumina
752 649 884 707 conotus
905 646 1002 708 Hebri

209 731 388 808 sanguineus
406 731 521 791 llarors
540 730 646 809 clupeo
664 733 799 809 increpat
818 740 907 806 atque
929 729 1063 792 furentis

209 812 283 875 bella
307 832 425 875 movens
443 815 561 874 inmittit
583 831 676 890 equos
697 813 747 890 (illi
767 830 896 891 aequore
916 822 1027 901 aner-to

210 905 277 957 ente
298 904 383 957 notos
405 898 624 976 zephyrnmque
644 895 755 965 volant;
777 899 866 974 gemit
888 895 992 957 ultima
1015 897 1111 975 pulsu

209 978 341 1041 Thraeca
362 981 488 1058 pedum:
511 982 680 1057 circumque
702 989 784 1041 atrae
802 979 982 1040 Formidinis
1003 998 1061 1041 ora
1173 984 1209 1038 aa

209 1062 332 1142 lraeque
354 1063 546 1140 Insidiaeque,
569 1063 616 1122 dei
638 1064 801 1130 comitanus,
822 1066 978 1139 agrmturlz

209 1144 274 1207 talis
295 1164 386 1224 equos
408 1145 504 1206 alacer
522 1145 617 1206 media
640 1148 716 1206 inter
732 1145 843 1224 proelia
864 1144 985 1206 Turnus

210 1227 348 1289 fumantis
370 1229 478 1289 sudore
499 1231 601 1308 quatit,
622 1229 789 1289 miserabile
811 1229 905 1289 caesis

210 1310 343 1373 hostibus
365 1312 522 1380 insultans;
544 1313 656 1390 spargit
675 1312 778 1391 rapida
798 1311 909 1388 ungula
930 1328 1017 1370 rores

209 1395 393 1471 sanguineos,
417 1397 564 1473 mixtaque
584 1413 674 1455 cruor
695 1395 823 1455 calcatur
842 1393 965 1454 harena.
1172 1398 1212 1452 tto

210 1477 326 1565 iamque
340 1478 412 1538 Neci
429 1478 657 1556 Sthenelumque
671 1479 755 1577 ,dedit
769 1477 1009 1573 Thamyrumque
1026 1476 1210 1556 Pholumque
1242 1554 1248 1617 Ι

209 1561 900 1721 lltlttltftathhhthtrtth
912 1560 1155 1722 uitabit

208 1725 351 1786 nutrierat
370 1725 456 1804 Lycia
474 1726 654 1805 paribusque
676 1735 830 1788 ornaverat
851 1727 952 1795 umis,

209 1805 253 1867 vel
273 1807 408 1869 conterre
426 1827 545 1870 manum
566 1809 611 1870 vel
633 1829 708 1890 equo
730 1817 917 1889 praevertere
935 1818 1050 1871 ventos.
1169 1815 1209 1869 ao

211 1898 293 1969 parte
315 1891 369 1952 alia
391 1892 486 1953 media
508 1893 654 1954 Eumedes
675 1896 705 1954 in
726 1893 836 1972 proelia
857 1894 961 1962 sertin,

209 1975 318 2050 antiqui
339 1974 437 2052 proles
459 1975 536 2036 bello
556 1977 708 2054 praeclara
730 1976 857 2046 Dolonis,

210 2058 329 2117 nomine
351 2075 434 2119 avom
456 2059 598 2128 reterens,
621 2062 717 2120 animo
740 2059 933 2136 manibusque
955 2071 1122 2138 parentem,

210 2140 258 2217 qui
281 2141 438 2219 quondam,
461 2150 555 2204 castra
578 2150 610 2202 ut
627 2142 758 2203 Danaum
777 2141 943 2221 speculator
962 2143 1067 2214 adiret,

209 2239 297 2283 ausus
317 2216 433 2284 Pelidae
452 2226 577 2302 pretium
598 2224 653 2285 sibi
675 2243 799 2304 poscere
820 2243 938 2292 currus:
1168 2229 1210 2282 ato

209 2304 291 2365 lllum
311 2304 435 2383 Tydides
455 2305 510 2366 alio
532 2325 588 2386 pro
609 2306 716 2368 talibus
738 2309 815 2368 ausis

208 2386 314 2448 adfecit
335 2389 438 2465 pretio,
461 2406 516 2450 nec
538 2392 620 2468 equis
642 2391 770 2468 adspirat
792 2389 921 2451 Achillis.

208 2469 286 2529 lrunc
308 2470 411 2547 procul
433 2480 465 2532 ut
486 2489 588 2550 campo
610 2472 729 2534 Turnus
747 2475 898 2552 prospexit
919 2482 1035 2552 aperto,

209 2558 275 2611 ante
296 2551 351 2612 levi
371 2553 466 2614 laculo
482 2553 601 2632 longum
622 2572 676 2633 per
697 2557 784 2617 mane
806 2564 924 2617 secutus

208 2635 282 2694 sistit
300 2652 390 2711 equos
408 2635 514 2714 biiugis
536 2645 566 2697 et
587 2656 677 2698 curru
698 2637 792 2699 desilit
814 2647 900 2717 atque
1167 2645 1212 2699 tto

208 2717 369 2777 semianimi
390 2718 530 2797 lapsoque
553 2722 719 2797 supervenit
739 2728 768 2781 et
788 2723 864 2800 pede
882 2721 957 2783 collo

207 2800 491 2961 tlth‘ltth
502 2805 1074 2967 tttt¹¹2te¹tlttttt⁰2ue

208 2972 259 3027 ‘en
282 2983 369 3045 agros
388 2976 417 3028 et
439 2985 525 3045 quam
547 2967 634 3040 bebo,
656 2969 791 3039 Troiane,
813 2972 920 3049 petisti,

206 3048 377 3128 Hesperiam
399 3052 503 3112 metire
524 3053 635 3113 iucem:
655 3053 728 3114 haec
747 3056 877 3133 praemia
898 3056 948 3134 qui
969 3073 1018 3116 me
1165 3058 1210 3113 tot

206 3133 286 3192 terro
307 3136 368 3193 ausi
390 3142 533 3212 temptare
554 3136 661 3207 lerunt,
684 3137 727 3197 sle
747 3139 862 3197 moenia
881 3138 1030 3199 condunt!

208 3231 277 3276 nure
299 3219 434 3278 comitem
456 3219 584 3299 Asbyten
605 3221 736 3281 coniecta
757 3220 876 3298 cuspide
896 3222 991 3280 mittit.

206 3297 389 3378 Chloreaque
411 3302 602 3381 Sybarimque
625 3303 788 3382 Daretaque
807 3302 1095 3384 Thersilochumque

206 3390 235 3442 et
257 3386 397 3445 sternacis
417 3388 485 3464 equi
505 3386 618 3462 lapsum
640 3388 754 3447 ceruce
772 3385 961 3464 Thymoeten.

205 3481 241 3527 eo
259 3466 336 3527 velut
354 3466 448 3528 Edoni
469 3468 582 3529 boreae
603 3486 670 3529 cum
689 3469 808 3547 spiritus
829 3468 886 3529 alto
1163 3474 1210 3529 aot

205 3547 321 3611 huonut
342 3550 456 3627 dequeo
477 3553 666 3630 sequiturque
685 3550 721 3612 ad
746 3549 830 3612 litora
851 3552 966 3620 flnctus,
