2512 4096
471 260 615 309 unemm
636 260 762 309 anunm
784 262 825 309 111
1100 251 1157 313 135

142 419 263 498 virginci
285 416 437 478 uolucrum
459 414 569 484 voltus,
591 413 758 477 foedissima
778 416 887 477 ventris
919 466 921 470 .
983 390 1004 417 ⁷

142 501 289 581 proluvies
310 511 462 578 uncaeque
480 515 584 559 manus
606 505 635 559 et
655 497 761 578 pallida
783 516 899 577 semper

98 635 99 639 Ἰ
141 603 200 730 lomb
219 585 380 729 {rabiedelati
401 673 503 743 portus
525 666 709 735 intravimus,
732 684 801 727 ecce

141 752 215 814 laeta
236 751 328 812 boum
346 750 453 828 passim
476 749 585 827 campis
606 756 738 813 armenta
761 748 892 810 videmus
1107 762 1159 814 220

142 836 391 914 caprigenumque
413 850 505 911 pecus
526 830 606 894 nullo
627 833 748 893 custode
768 849 823 910 per
841 824 961 895 herhas.
1056 917 1059 923 Ι

140 920 285 980 inruirnus
307 919 401 986 lerro,
425 922 454 978 et
474 916 555 978 diros
577 916 732 996 ipsumque
752 933 890 977 vocamus

99 1011 102 1015 '
140 1003 170 1062 in
192 1009 306 1080 partem
327 1000 525 1079 praedamque
546 999 658 1068 lorem;
681 1006 743 1060 turn
765 997 851 1060 litore
873 1017 963 1061 curvo

141 1086 361 1164 extruimusque
384 1091 464 1144 toros
486 1082 669 1162 dapibusque
692 1082 845 1161 epulamur
864 1085 977 1162 opimis.
1241 1154 1244 1159 ,

142 1177 172 1229 at
192 1167 304 1229 subitae
326 1167 465 1227 horrifico
487 1166 571 1246 lapsu
589 1166 625 1227 de
647 1165 796 1228 montibus
818 1166 925 1228 adsunt
1107 1180 1157 1234 ms

141 1252 278 1332 harpyiae
296 1257 324 1312 et
344 1253 458 1327 magnis
479 1250 612 1328 quatiunt
632 1249 819 1328 clangoribus
839 1249 914 1321 alas,

142 1335 339 1413 diripiuntque
362 1335 452 1412 dapes
474 1339 667 1413 contactuque
687 1334 784 1394 omnia
805 1334 924 1395 foedant
965 1358 968 1363 v

141 1418 308 1488 immundo,
329 1424 393 1478 tum
416 1435 470 1478 ror
493 1423 619 1478 taetrum
641 1417 704 1477 dira
725 1418 801 1477 inter
823 1417 967 1478 odorem.-

120 1516 124 1553 ¹
141 1519 260 1563 rursum
278 1502 308 1562 in
326 1518 445 1562 secessu
465 1500 553 1577 longo
576 1499 631 1562 sub
653 1518 728 1579 rupe
750 1507 848 1562 cavata
870 1503 873 1508 ’
1106 1515 1157 1580 229

142 1585 313 1646 instruimus
333 1602 450 1646 mensas
472 1585 590 1663 arisque
611 1585 782 1664 reponimus
801 1584 915 1663 ignem:
1107 1599 1155 1653 231

141 1685 261 1728 rursum
286 1686 321 1729 ex
343 1668 457 1729 diverso
480 1667 552 1728 caeli
575 1669 726 1746 caecisque
747 1667 867 1729 latebris

141 1750 228 1812 turha
249 1768 356 1812 sonans
373 1752 512 1830 praedam
535 1751 659 1830 pedibus
681 1752 870 1813 circumvolat
892 1754 988 1824 uncis,

141 1833 243 1912 polluit
265 1852 317 1896 ore
338 1835 436 1913 dapes.
480 1836 568 1897 sociis
586 1841 658 1898 tunc
674 1852 756 1897 arma
777 1846 930 1916 capessant

141 1917 239 1989 edico,
259 1925 288 1980 et
306 1918 369 1979 dira
390 1916 501 1980 bellurn
522 1926 695 1996 cumgente
717 1920 889 1995 gerendum.
1106 1935 1154 1989 235

143 2000 214 2063 haut
234 2019 319 2063 secus
338 2020 372 2062 ac
390 2003 460 2062 iussi
480 2002 605 2074 iaciunt,
628 2009 779 2081 tectosque
800 2021 855 2080 per
875 2003 997 2066 herbam

142 2085 302 2163 disponunt
324 2102 408 2146 enses
430 2092 458 2145 et
478 2092 561 2146 scuta
582 2085 699 2146 latentia
720 2086 859 2146 condunt.

141 2185 213 2250 ergo
230 2168 282 2229 ubi
302 2167 436 2246 delapsae
456 2169 584 2228 sonitum
604 2186 658 2246 per
680 2186 768 2228 curva
786 2169 895 2231 dedere

148 2251 240 2321 itora,
260 2252 311 2313 dat
328 2251 442 2328 signum
465 2250 583 2328 specula
603 2250 731 2312 Misenus
753 2251 789 2312 ab
810 2251 866 2312 alta

130 2351 210 2396 ¹aere
232 2353 312 2395 caro.
356 2334 496 2395 invadunt
517 2335 587 2394 socii
605 2341 634 2395 et
654 2352 728 2396 noua
748 2330 859 2413 procha
882 2344 1038 2417 temptant,
1105 2349 1156 2402 aso

140 2417 283 2480 obscenas
302 2417 398 2496 pelagi
418 2418 497 2479 lerro
520 2417 640 2479 loedere
658 2417 817 2494 volucres„

94 2501 192 2584 >„xsed
214 2520 311 2581 neque
331 2504 386 2563 vim
410 2501 516 2582 plumis
537 2500 625 2563 ullam
646 2520 702 2563 nec
722 2483 941 2583 volnera‘tergo

141 2585 300 2664 accipiunt,
320 2586 467 2666 celerique
489 2585 558 2665 luga
580 2585 746 2648 subsidere
767 2587 865 2668 lapsae

141 2685 282 2729 semesam
304 2670 444 2748 praedam
464 2676 493 2731 et
512 2670 631 2746 vestigia
653 2670 739 2733 lueda
760 2673 935 2753 relinquunt.

141 2769 198 2811 nna
220 2753 250 2812 in
271 2752 419 2828 praecelsa
441 2753 572 2815 consedit
591 2771 666 2834 rupe
690 2753 831 2836 Celaeno,
1103 2765 1155 2822 ms

141 2833 239 2894 infelix
261 2842 353 2903 vetes,
375 2837 542 2916 rumpitque
559 2837 636 2898 hanc
651 2845 772 2917 pectore
791 2859 909 2903 uocem:

143 2914 268 2975 ‘bellum
290 2917 375 2976 etiem
397 2934 451 2994 pro
474 2919 563 2980 caede
583 2919 674 2982 boum
693 2923 848 3002 stratisque
869 2926 999 2986 iuvencis

142 2997 421 3069 Laomedontiadae,
444 2998 593 3063 bellumne
612 3002 724 3064 inferre
743 3008 852 3082 paratis
956 3002 959 3007 ’

142 3088 172 3143 et
189 3083 284 3160 patrio
305 3081 441 3162 harpyias
462 3084 584 3145 insontis
605 3083 714 3163 pellere
736 3090 851 3166 regnol

141 3165 264 3244 accipite
288 3181 359 3244 ergo
378 3168 483 3228 animis
504 3175 591 3246 atque
612 3168 686 3231 haec
702 3189 767 3231 mea
790 3172 870 3249 figite
893 3174 985 3244 dicta,
1104 3185 1155 3238 250

141 3266 216 3328 quae
234 3248 354 3312 Phoebo
370 3258 453 3328 pater
473 3253 670 3332 omnipotens,
692 3255 763 3314 mihi
785 3256 921 3319 Phoebus
942 3256 1046 3335 Apollo

140 3332 298 3412 praedixit,
316 3332 397 3394 vobis
418 3336 562 3398 furiarum
583 3354 638 3417 ego
660 3340 784 3399 maxima
800 3342 907 3418 pando.

142 3448 342 3460 ——u-—nn

136 3499 283 3561 'ememus
301 3501 417 3562 clausam
439 3507 539 3565 circum
563 3515 645 3583 atque
666 3509 840 3568 horrentibus
859 3510 963 3568 umbris
1104 3516 1155 3567 230
