2512 4096
587 278 687 326 omre.
1071 266 1134 330 375

126 449 325 494 marmoreum
348 431 542 495 tremebunda
562 431 669 511 pedem
691 449 778 513 quem
800 432 914 495 rettulit
933 434 1021 496 intre.

126 515 175 577 illa
197 523 293 577 autem
315 515 407 596 ‘quid
419 519 478 577 me'
509 517 605 596 iuquit
624 515 666 576 ‘io
704 515 865 586 nutricula,
888 518 1026 598 torques?

126 600 196 679 quid
218 607 332 660 tantum
353 617 495 680 properas
516 607 637 662 nonnus
655 599 771 660 novisse
792 599 926 662 luroresl

126 701 186 744 non
208 700 262 761 ego
284 690 427 746 consueto
446 683 620 745 mortalibus
641 700 713 745 uror
735 701 845 754 amore,

125 784 182 827 nee
202 767 275 828 mihi
296 774 434 828 notorum
457 767 617 828 deflectunt
636 766 747 828 lumina
768 766 872 837 voltus,
1085 773 1136 827 mo

125 868 181 910 nee
203 851 318 929 genitor
340 850 424 911 cordi
445 857 503 912 esi:
526 849 753 929 ultroneumque
775 850 890 912 odimus
912 867 1024 912 omnes.

125 933 167 994 nil
188 941 267 994 emat
288 934 336 994 hie
357 935 487 1006 animus,
509 935 625 1006 nuuir,
648 934 727 1015 quod
749 941 865 1014 oportet
887 935 988 1005 amari,

126 1013 184 1088 nil,
207 1036 265 1096 quo
287 1016 359 1078 falsa
380 1025 480 1080 tamen
502 1015 592 1080 lateat
612 1019 731 1098 piatone
750 1020 864 1096 imago;

125 1100 177 1161 sed
198 1101 295 1162 media
317 1119 353 1162 ex
375 1103 438 1162 acie
460 1101 624 1182 mediisque
645 1120 682 1164 ex
703 1101 837 1164 hostibus
858 1101 917 1162 heu
938 1101 1005 1172 heu,

124 1183 196 1263 quid
219 1183 313 1245 dicam
336 1202 431 1264 quoae
451 1202 521 1247 arua
542 1185 653 1247 malum
674 1185 731 1246 hac
753 1184 890 1247 exordiar
912 1184 983 1247 orel
1086 1189 1136 1243 roo

125 1268 221 1330 dicam
243 1267 394 1347 equidem,
418 1270 615 1348 quoniamque
637 1268 692 1331 ubi
713 1287 774 1329 non
796 1269 1043 1339 dicore-nutrix,

125 1369 185 1412 non
207 1352 292 1423 sinis,
316 1358 480 1413 extremum
502 1352 560 1414 hoe
580 1370 688 1414 munus
709 1354 863 1414 moriende
884 1351 1001 1414 hebeto

124 1433 174 1494 ille
197 1434 313 1515 (vides),
335 1437 445 1497 nosuis
467 1437 520 1515 qui
539 1435 695 1498 moenibus
715 1436 829 1497 adsidet
849 1437 950 1506 heard,

124 1536 212 1596 quem
233 1525 318 1598 pater
339 1520 403 1598 ipae
424 1518 512 1582 deum
534 1521 645 1599 aeeptri
666 1520 784 1582 donarii
805 1521 928 1590 honore,

124 1603 172 1662 eui
192 1619 300 1681 parone
321 1602 453 1664 tribuere
475 1620 531 1666 nee
551 1603 614 1667 ulio
635 1602 757 1666 voluere
776 1603 855 1666 laedi
1085 1608 1137 1661 2⁷0

125 1684 292 1762 (dicendum
315 1694 374 1756 est,
397 1687 506 1749 inutra
528 1689 734 1750 circumrehor
754 1689 853 1750 omnia
874 1685 990 1767 verbu),

122 1768 173 1829 ille
195 1787 275 1839 mea,
297 1769 347 1832 ille
368 1769 447 1833 idem
470 1782 620 1852 oppugnat
640 1773 814 1851 praecordia
835 1771 940 1833 Minos.

123 1852 202 1933 quod
223 1871 278 1932 per
300 1863 328 1914 te
350 1854 447 1916 dirum
470 1855 593 1917 erehroa
612 1864 756 1917 testamur
777 1871 894 1916 amores

122 1954 236 2016 perque
257 1944 340 1998 tuum
362 1941 488 2000 memori
508 1947 643 2000 sanetum
664 1940 738 1999 milui
758 1946 863 2017 peetus
885 1936 1029 2002 alumnae,

122 2027 157 2080 ut
177 2038 226 2079 me
248 2021 273 2079 si
295 2038 417 2081 servare.
434 2032 520 2099 poles
539 2040 578 2082 ne
597 2021 725 2101 perdere
746 2018 846 2090 malim
1085 2025 1135 2078 275

123 2105 169 2162 sin
192 2109 290 2163 autem
313 2110 429 2182 optatae
451 2123 518 2183 spes
541 2112 586 2165 est
605 2106 698 2165 ineisa
720 2103 829 2173 ululis,

123 2203 162 2247 ue
184 2186 366 2266 mihiquem
388 2189 484 2248 merui
505 2187 651 2259 invideas,
675 2186 835 2258 nutrienda,
858 2194 995 2248 mortem.

124 2288 192 2330 nam
215 2270 322 2331 uisite
344 2269 430 2332 nebia
451 2269 558 2341 melus,
582 2291 600 2332 o
621 2270 731 2342 malus,
755 2272 865 2350 optima
887 2271 1000 2340 Carme,

124 2360 192 2414 ante
214 2352 294 2413 hune
316 2361 507 2432 conspectum
528 2372 648 2416 casusve
669 2355 778 2416 deusne
799 2353 923 2425 tulisset,

123 2442 174 2497 aut
195 2436 276 2496 ferro
297 2437 366 2497 hoe'
391 2436 496 2516 (aperit
513 2438 626 2500 ierrnm
647 2439 726 2518 quod
748 2445 828 2500 veste
849 2436 968 2515 latebat)
1081 2442 1137 2497 28⁰

128 2525 325 2598 ‘purpureum
347 2522 439 2599 patris
461 2521 655 2602 dempsissem
676 2524 786 2584 vertice
809 2523 924 2583 crinem

123 2611 175 2664 aut
195 2603 268 2663 mihi
289 2607 438 2683 praesenti
459 2607 641 2686 peperissem
662 2605 783 2668 volnere
803 2606 919 2670 leium'.

166 2684 220 2746 Vix
241 2686 314 2748 haec
337 2687 483 2761 ediderat,
507 2707 575 2752 enm
596 2689 680 2752 elada
702 2692 843 2753 exterrita
865 2690 943 2753 areu

123 2771 256 2831 intonsos
277 2770 369 2833 multo
392 2772 529 2853 deturpet
550 2773 671 2854 pulvere
693 2777 791 2836 crines

121 2861 154 2913 et
175 2854 302 2930 graviter
323 2863 430 2932 questu
451 2857 556 2919 Carme
577 2857 741 2939 eomplarat
762 2858 845 2918 anili:
1084 2861 1136 2914 28⁶

125 2940 156 2996 ‘o
177 2934 252 2995 milri
272 2953 352 2996 nune
372 2938 482 2998 iterum
503 2939 631 3001 erudelis
652 2940 767 3000 reddite
788 2941 893 3010 Minos,

124 3037 142 3078 o
164 3020 273 3079 iterum
295 3025 414 3082 neonae
435 3021 530 3082 lllnos
550 3024 671 3083 inimice
692 3031 838 3092 senectae,

124 3118 243 3180 semper
264 3109 297 3163 ul
318 3108 369 3165 eut
390 3102 461 3165 olim
483 3112 569 3166 natae
590 3112 620 3166 te
640 3113 764 3185 propter
785 3105 912 3167 eundem

125 3191 175 3245 aut
196 3203 279 3246 amor
299 3187 420 3250 insanae
440 3187 552 3250 luorum
573 3196 707 3269 portaret
726 3189 875 3251 alumnae!

124 3275 193 3329 tene
215 3286 269 3346 ego
292 3278 351 3333 tam
373 3271 461 3352 longa
481 3280 567 3353 eapte
588 3281 676 3353 osque
697 3281 797 3335 areola
818 3274 944 3354 nequivi,

126 3360 186 3413 tam
208 3369 296 3430 grave
317 3356 481 3427 servilium,
505 3363 565 3419 lam
588 3358 678 3419 duros
698 3375 785 3436 passa
805 3357 931 3429 labores,

124 3434 269 3514 elingere,
292 3444 325 3499 ut
345 3440 444 3500 sistam
468 3442 587 3502 exilium
610 3439 729 3504 crudele
751 3442 904 3504 meorum?

124 3520 184 3579 iam
205 3520 264 3582 iam
285 3539 341 3584 nee
362 3522 448 3585 nohis
469 3542 562 3606 aequo
584 3524 750 3588 senioribus
772 3525 864 3588 ullum
