<?xml version="1.0" encoding="UTF-8"?>
<!DOCTYPE html PUBLIC "-//W3C//DTD XHTML 1.0 Transitional//EN"
    "http://www.w3.org/TR/xhtml1/DTD/xhtml1-transitional.dtd">
<html xmlns="http://www.w3.org/1999/xhtml" xml:lang="en" lang="en">
 <head>
  <title>
</title>
<meta http-equiv="Content-Type" content="text/html;charset=utf-8" />
  <meta name='ocr-system' content='tesseract 3.04.00' />
  <meta name='ocr-capabilities' content='ocr_page ocr_carea ocr_par ocr_line ocrx_word'/>
</head>
<body>
  <div class='ocr_page' id='page_1' title='image "./pvergilimaronis12virggoog/pvergilimaronis12virggoog_0162.png"; bbox 0 0 2512 4096; ppageno 0'>
   <div class='ocr_carea' id='block_1_1' title="bbox 230 783 919 1055">
    <p class='ocr_par' dir='ltr' id='par_1_1' title="bbox 230 783 919 1055">
     <span class='ocr_line' id='line_1_1' title="bbox 306 783 842 862; baseline 0.002 -2"><span class='ocrx_word' id='word_1_1' title='bbox 306 785 348 860; x_wconf 90' lang='lat' dir='ltr'><strong>P.</strong></span> <span class='ocrx_word' id='word_1_2' title='bbox 371 783 590 862; x_wconf 81' lang='lat' dir='ltr'><strong>VERGILI</strong></span> <span class='ocrx_word' id='word_1_3' title='bbox 610 783 842 861; x_wconf 85' lang='lat' dir='ltr'>MARONIS</span> 
     </span>
     <span class='ocr_line' id='line_1_2' title="bbox 230 914 919 1055; baseline -0.001 0"><span class='ocrx_word' id='word_1_4' title='bbox 230 914 919 1055; x_wconf 75' lang='lat' dir='ltr'><strong>nunninus</strong></span> 
     </span>
    </p>
   </div>
   <div class='ocr_carea' id='block_1_2' title="bbox 412 1126 729 1184">
    <p class='ocr_par' dir='ltr' id='par_1_2' title="bbox 412 1126 729 1184">
     <span class='ocr_line' id='line_1_3' title="bbox 412 1126 729 1184; baseline -0.009 0"><span class='ocrx_word' id='word_1_5' title='bbox 412 1127 527 1184; x_wconf 83' lang='lat' dir='ltr'>LIBER</span> <span class='ocrx_word' id='word_1_6' title='bbox 552 1126 729 1183; x_wconf 82' lang='lat' dir='ltr'>TERTIVS.</span> 
     </span>
    </p>
   </div>
   <div class='ocr_carea' id='block_1_3' title="bbox 25 1458 987 3455">
    <p class='ocr_par' dir='ltr' id='par_1_3' title="bbox 64 1458 987 2455">
     <span class='ocr_line' id='line_1_4' title="bbox 108 1458 917 1536; baseline 0.001 -20"><span class='ocrx_word' id='word_1_7' title='bbox 108 1458 267 1535; x_wconf 88' lang='lat' dir='ltr'><strong>Postquam</strong></span> <span class='ocrx_word' id='word_1_8' title='bbox 287 1475 335 1518; x_wconf 89' lang='lat' dir='ltr'><strong>res</strong></span> <span class='ocrx_word' id='word_1_9' title='bbox 357 1458 442 1519; x_wconf 79' lang='lat' dir='ltr'><strong>Asiae</strong></span> <span class='ocrx_word' id='word_1_10' title='bbox 461 1458 628 1536; x_wconf 81' lang='lat' dir='ltr'>Priamique</span> <span class='ocrx_word' id='word_1_11' title='bbox 646 1466 778 1520; x_wconf 86' lang='lat' dir='ltr'><strong>evertere</strong></span> <span class='ocrx_word' id='word_1_12' title='bbox 800 1467 917 1536; x_wconf 80' lang='lat' dir='ltr'>gentem</span> 
     </span>
     <span class='ocr_line' id='line_1_5' title="bbox 66 1541 860 1621; baseline 0.004 -22"><span class='ocrx_word' id='word_1_13' title='bbox 66 1541 232 1602; x_wconf 80' lang='lat' dir='ltr'><strong>inmeritam</strong></span> <span class='ocrx_word' id='word_1_14' title='bbox 251 1542 345 1603; x_wconf 85' lang='lat' dir='ltr'><strong>visum</strong></span> <span class='ocrx_word' id='word_1_15' title='bbox 365 1541 494 1619; x_wconf 88' lang='lat' dir='ltr'><strong>superis,</strong></span> <span class='ocrx_word' id='word_1_16' title='bbox 518 1541 679 1618; x_wconf 86' lang='lat' dir='ltr'><strong>ceciditque</strong></span> <span class='ocrx_word' id='word_1_17' title='bbox 699 1541 860 1621; x_wconf 91' lang='lat' dir='ltr'><strong>superbum</strong></span> 
     </span>
     <span class='ocr_line' id='line_1_6' title="bbox 66 1623 832 1702; baseline 0.004 -18"><span class='ocrx_word' id='word_1_18' title='bbox 66 1623 152 1685; x_wconf 86' lang='lat' dir='ltr'><strong>Ilium</strong></span> <span class='ocrx_word' id='word_1_19' title='bbox 173 1631 202 1685; x_wconf 88' lang='lat' dir='ltr'><strong>et</strong></span> <span class='ocrx_word' id='word_1_20' title='bbox 222 1626 316 1686; x_wconf 89' lang='lat' dir='ltr'><strong>omnis</strong></span> <span class='ocrx_word' id='word_1_21' title='bbox 337 1624 428 1687; x_wconf 91' lang='lat' dir='ltr'><strong>humo</strong></span> <span class='ocrx_word' id='word_1_22' title='bbox 450 1623 543 1685; x_wconf 81' lang='lat' dir='ltr'><strong>fumat</strong></span> <span class='ocrx_word' id='word_1_23' title='bbox 563 1625 709 1702; x_wconf 84' lang='lat' dir='ltr'><strong>Neptunia</strong></span> <span class='ocrx_word' id='word_1_24' title='bbox 730 1625 832 1687; x_wconf 80' lang='lat' dir='ltr'><strong>Troia:</strong></span> 
     </span>
     <span class='ocr_line' id='line_1_7' title="bbox 66 1705 765 1788; baseline 0.003 -21"><span class='ocrx_word' id='word_1_25' title='bbox 66 1708 182 1769; x_wconf 79' lang='lat' dir='ltr'><strong>diversa</strong></span> <span class='ocrx_word' id='word_1_26' title='bbox 202 1705 287 1769; x_wconf 86' lang='lat' dir='ltr'><strong>exilia</strong></span> <span class='ocrx_word' id='word_1_27' title='bbox 307 1716 337 1769; x_wconf 88' lang='lat' dir='ltr'><strong>et</strong></span> <span class='ocrx_word' id='word_1_28' title='bbox 358 1709 488 1770; x_wconf 88' lang='lat' dir='ltr'><strong>desertas</strong></span> <span class='ocrx_word' id='word_1_29' title='bbox 509 1727 653 1788; x_wconf 92' lang='lat' dir='ltr'><strong>quaerere</strong></span> <span class='ocrx_word' id='word_1_30' title='bbox 670 1717 765 1772; x_wconf 88' lang='lat' dir='ltr'><strong>terras</strong></span> 
     </span>
     <span class='ocr_line' id='line_1_8' title="bbox 65 1791 821 1872; baseline 0.001 -21"><span class='ocrx_word' id='word_1_31' title='bbox 65 1792 195 1867; x_wconf 77' lang='lat' dir='ltr'><strong>auguriis</strong></span> <span class='ocrx_word' id='word_1_32' title='bbox 212 1793 327 1870; x_wconf 81' lang='lat' dir='ltr'><strong>agimur</strong></span> <span class='ocrx_word' id='word_1_33' title='bbox 349 1792 460 1861; x_wconf 88' lang='lat' dir='ltr'><strong>divom,</strong></span> <span class='ocrx_word' id='word_1_34' title='bbox 481 1791 662 1872; x_wconf 88' lang='lat' dir='ltr'><strong>classemque</strong></span> <span class='ocrx_word' id='word_1_35' title='bbox 681 1793 736 1856; x_wconf 89' lang='lat' dir='ltr'><strong>sub</strong></span> <span class='ocrx_word' id='word_1_36' title='bbox 758 1795 821 1871; x_wconf 87' lang='lat' dir='ltr'><strong>ipsa</strong></span> 
     </span>
     <span class='ocr_line' id='line_1_9' title="bbox 65 1874 844 1954; baseline 0.003 -20"><span class='ocrx_word' id='word_1_37' title='bbox 65 1874 215 1937; x_wconf 75' lang='lat' dir='ltr'>Antandro</span> <span class='ocrx_word' id='word_1_38' title='bbox 239 1882 267 1936; x_wconf 89' lang='lat' dir='ltr'><strong>et</strong></span> <span class='ocrx_word' id='word_1_39' title='bbox 284 1875 428 1954; x_wconf 76' lang='lat' dir='ltr'><strong>Phrygiae</strong></span> <span class='ocrx_word' id='word_1_40' title='bbox 446 1875 584 1937; x_wconf 87' lang='lat' dir='ltr'><strong>molimur</strong></span> <span class='ocrx_word' id='word_1_41' title='bbox 605 1877 755 1937; x_wconf 88' lang='lat' dir='ltr'><strong>montibus</strong></span> <span class='ocrx_word' id='word_1_42' title='bbox 775 1876 844 1937; x_wconf 91' lang='lat' dir='ltr'><strong>ldae</strong></span> 
     </span>
     <span class='ocr_line' id='line_1_10' title="bbox 64 1959 777 2038; baseline 0.001 -20"><span class='ocrx_word' id='word_1_43' title='bbox 64 1959 169 2020; x_wconf 80' lang='lat' dir='ltr'><strong>incerti</strong></span> <span class='ocrx_word' id='word_1_44' title='bbox 189 1976 247 2038; x_wconf 92' lang='lat' dir='ltr'><strong>quo</strong></span> <span class='ocrx_word' id='word_1_45' title='bbox 270 1959 327 2020; x_wconf 85' lang='lat' dir='ltr'><strong>iata</strong></span> <span class='ocrx_word' id='word_1_46' title='bbox 346 1959 455 2030; x_wconf 85' lang='lat' dir='ltr'><strong>ierant,</strong></span> <span class='ocrx_word' id='word_1_47' title='bbox 478 1959 529 2021; x_wconf 91' lang='lat' dir='ltr'><strong>ubi</strong></span> <span class='ocrx_word' id='word_1_48' title='bbox 550 1961 654 2021; x_wconf 80' lang='lat' dir='ltr'><strong>sistere</strong></span> <span class='ocrx_word' id='word_1_49' title='bbox 676 1959 777 2027; x_wconf 88' lang='lat' dir='ltr'><strong>detur,</strong></span> 
     </span>
     <span class='ocr_line' id='line_1_11' title="bbox 66 2042 936 2121; baseline -0.005 -17"><span class='ocrx_word' id='word_1_50' title='bbox 66 2042 324 2121; x_wconf 82' lang='lat' dir='ltr'><strong>contrahimusque</strong></span> <span class='ocrx_word' id='word_1_51' title='bbox 343 2043 430 2103; x_wconf 86' lang='lat' dir='ltr'><strong>viros.</strong></span> <span class='ocrx_word' id='word_1_52' title='bbox 474 2044 520 2103; x_wconf 84' lang='lat' dir='ltr'><strong>vix</strong></span> <span class='ocrx_word' id='word_1_53' title='bbox 540 2045 636 2120; x_wconf 90' lang='lat' dir='ltr'><strong>prima</strong></span> <span class='ocrx_word' id='word_1_54' title='bbox 655 2045 805 2120; x_wconf 80' lang='lat' dir='ltr'><strong>inceperat</strong></span> <span class='ocrx_word' id='word_1_55' title='bbox 827 2048 936 2110; x_wconf 85' lang='lat' dir='ltr'><strong>aestas,</strong></span> 
     </span>
     <span class='ocr_line' id='line_1_12' title="bbox 66 2124 780 2204; baseline -0.007 -16"><span class='ocrx_word' id='word_1_56' title='bbox 66 2133 95 2188; x_wconf 90' lang='lat' dir='ltr'><strong>et</strong></span> <span class='ocrx_word' id='word_1_57' title='bbox 115 2134 198 2204; x_wconf 88' lang='lat' dir='ltr'><strong>pater</strong></span> <span class='ocrx_word' id='word_1_58' title='bbox 221 2126 362 2186; x_wconf 77' lang='lat' dir='ltr'><strong>menises</strong></span> <span class='ocrx_word' id='word_1_59' title='bbox 385 2126 455 2187; x_wconf 89' lang='lat' dir='ltr'><strong>dare</strong></span> <span class='ocrx_word' id='word_1_60' title='bbox 477 2126 542 2185; x_wconf 85' lang='lat' dir='ltr'><strong>fatis</strong></span> <span class='ocrx_word' id='word_1_61' title='bbox 561 2125 625 2186; x_wconf 80' lang='lat' dir='ltr'><strong>uela</strong></span> <span class='ocrx_word' id='word_1_62' title='bbox 646 2124 780 2185; x_wconf 89' lang='lat' dir='ltr'><strong>iubebat:</strong></span> 
     </span>
     <span class='ocr_line' id='line_1_13' title="bbox 64 2207 987 2287; baseline -0.001 -17"><span class='ocrx_word' id='word_1_63' title='bbox 64 2209 150 2271; x_wconf 89' lang='lat' dir='ltr'><strong>litora</strong></span> <span class='ocrx_word' id='word_1_64' title='bbox 172 2227 240 2270; x_wconf 92' lang='lat' dir='ltr'><strong>oum</strong></span> <span class='ocrx_word' id='word_1_65' title='bbox 262 2211 375 2287; x_wconf 87' lang='lat' dir='ltr'><strong>patriae</strong></span> <span class='ocrx_word' id='word_1_66' title='bbox 399 2207 554 2269; x_wconf 89' lang='lat' dir='ltr'><strong>lacrimans</strong></span> <span class='ocrx_word' id='word_1_67' title='bbox 574 2214 736 2287; x_wconf 88' lang='lat' dir='ltr'><strong>portusque</strong></span> <span class='ocrx_word' id='word_1_68' title='bbox 756 2208 889 2287; x_wconf 88' lang='lat' dir='ltr'><strong>relinquo</strong></span> <span class='ocrx_word' id='word_1_69' title='bbox 976 2226 987 2247; x_wconf 31' lang='grc' dir='ltr'>Χ</span> 
     </span>
     <span class='ocr_line' id='line_1_14' title="bbox 66 2291 885 2373; baseline -0.002 -19"><span class='ocrx_word' id='word_1_70' title='bbox 66 2301 94 2355; x_wconf 89' lang='lat' dir='ltr'><strong>et</strong></span> <span class='ocrx_word' id='word_1_71' title='bbox 115 2310 249 2373; x_wconf 88' lang='lat' dir='ltr'><strong>campos,</strong></span> <span class='ocrx_word' id='word_1_72' title='bbox 271 2291 324 2354; x_wconf 91' lang='lat' dir='ltr'><strong>uhi</strong></span> <span class='ocrx_word' id='word_1_73' title='bbox 342 2292 429 2352; x_wconf 83' lang='lat' dir='ltr'><strong>Troia</strong></span> <span class='ocrx_word' id='word_1_74' title='bbox 451 2291 515 2353; x_wconf 85' lang='lat' dir='ltr'><strong>iuit.</strong></span> <span class='ocrx_word' id='word_1_75' title='bbox 559 2291 640 2352; x_wconf 84' lang='lat' dir='ltr'><strong>feror</strong></span> <span class='ocrx_word' id='word_1_76' title='bbox 661 2291 728 2353; x_wconf 83' lang='lat' dir='ltr'><strong>exul</strong></span> <span class='ocrx_word' id='word_1_77' title='bbox 745 2294 775 2352; x_wconf 92' lang='lat' dir='ltr'><strong>in</strong></span> <span class='ocrx_word' id='word_1_78' title='bbox 794 2291 885 2353; x_wconf 90' lang='lat' dir='ltr'><strong>altum</strong></span> 
     </span>
     <span class='ocr_line' id='line_1_15' title="bbox 66 2374 839 2455; baseline -0.004 -17"><span class='ocrx_word' id='word_1_79' title='bbox 66 2394 133 2438; x_wconf 89' lang='lat' dir='ltr'><strong>oum</strong></span> <span class='ocrx_word' id='word_1_80' title='bbox 156 2377 242 2439; x_wconf 89' lang='lat' dir='ltr'><strong>sociis</strong></span> <span class='ocrx_word' id='word_1_81' title='bbox 264 2383 412 2455; x_wconf 83' lang='lat' dir='ltr'><strong>gnatoque</strong></span> <span class='ocrx_word' id='word_1_82' title='bbox 428 2374 584 2454; x_wconf 87' lang='lat' dir='ltr'><strong>penatibus</strong></span> <span class='ocrx_word' id='word_1_83' title='bbox 603 2383 631 2438; x_wconf 94' lang='lat' dir='ltr'><strong>et</strong></span> <span class='ocrx_word' id='word_1_84' title='bbox 651 2377 765 2453; x_wconf 79' lang='lat' dir='ltr'><strong>magnis</strong></span> <span class='ocrx_word' id='word_1_85' title='bbox 787 2377 839 2437; x_wconf 87' lang='lat' dir='ltr'><strong>dis.</strong></span> 
     </span>
    </p>

    <p class='ocr_par' dir='ltr' id='par_1_4' title="bbox 66 2458 886 2956">
     <span class='ocr_line' id='line_1_16' title="bbox 107 2458 849 2540; baseline -0.001 -20"><span class='ocrx_word' id='word_1_86' title='bbox 107 2460 200 2521; x_wconf 83' lang='lat' dir='ltr'><strong>Terra</strong></span> <span class='ocrx_word' id='word_1_87' title='bbox 221 2458 327 2540; x_wconf 88' lang='lat' dir='ltr'><strong>procul</strong></span> <span class='ocrx_word' id='word_1_88' title='bbox 344 2461 431 2521; x_wconf 86' lang='lat' dir='ltr'><strong>vastis</strong></span> <span class='ocrx_word' id='word_1_89' title='bbox 452 2458 557 2521; x_wconf 86' lang='lat' dir='ltr'><strong>colitur</strong></span> <span class='ocrx_word' id='word_1_90' title='bbox 579 2459 721 2522; x_wconf 86' lang='lat' dir='ltr'><strong>Mavortia</strong></span> <span class='ocrx_word' id='word_1_91' title='bbox 740 2460 849 2539; x_wconf 89' lang='lat' dir='ltr'><strong>campis</strong></span> 
     </span>
     <span class='ocr_line' id='line_1_17' title="bbox 66 2543 886 2625; baseline 0 -22"><span class='ocrx_word' id='word_1_92' title='bbox 66 2543 206 2623; x_wconf 86' lang='lat' dir='ltr'><strong>(Thraces</strong></span> <span class='ocrx_word' id='word_1_93' title='bbox 228 2545 321 2625; x_wconf 88' lang='lat' dir='ltr'><strong>arant)</strong></span> <span class='ocrx_word' id='word_1_94' title='bbox 344 2546 405 2605; x_wconf 90' lang='lat' dir='ltr'><strong>acri</strong></span> <span class='ocrx_word' id='word_1_95' title='bbox 427 2543 574 2623; x_wconf 90' lang='lat' dir='ltr'><strong>quondam</strong></span> <span class='ocrx_word' id='word_1_96' title='bbox 596 2551 718 2622; x_wconf 83' lang='lat' dir='ltr'><strong>regnata</strong></span> <span class='ocrx_word' id='word_1_97' title='bbox 738 2544 886 2624; x_wconf 81' lang='lat' dir='ltr'><strong>Lycurgo,</strong></span> 
     </span>
     <span class='ocr_line' id='line_1_18' title="bbox 67 2626 811 2708; baseline 0.004 -22"><span class='ocrx_word' id='word_1_98' title='bbox 67 2626 226 2706; x_wconf 82' lang='lat' dir='ltr'><strong>hospitium</strong></span> <span class='ocrx_word' id='word_1_99' title='bbox 246 2630 376 2690; x_wconf 89' lang='lat' dir='ltr'><strong>anticum</strong></span> <span class='ocrx_word' id='word_1_100' title='bbox 397 2628 539 2689; x_wconf 81' lang='lat' dir='ltr'><strong>Troicos</strong></span> <span class='ocrx_word' id='word_1_101' title='bbox 597 2645 655 2706; x_wconf 92' lang='lat' dir='ltr'><strong>que</strong></span> <span class='ocrx_word' id='word_1_102' title='bbox 673 2636 811 2708; x_wconf 88' lang='lat' dir='ltr'><strong>penates,</strong></span> 
     </span>
     <span class='ocr_line' id='line_1_19' title="bbox 66 2708 843 2783; baseline 0 -12"><span class='ocrx_word' id='word_1_103' title='bbox 66 2708 137 2771; x_wconf 88' lang='lat' dir='ltr'><strong>dum</strong></span> <span class='ocrx_word' id='word_1_104' title='bbox 158 2711 275 2773; x_wconf 81' lang='lat' dir='ltr'><strong>fortuna</strong></span> <span class='ocrx_word' id='word_1_105' title='bbox 296 2713 358 2774; x_wconf 88' lang='lat' dir='ltr'><strong>iuit.</strong></span> <span class='ocrx_word' id='word_1_106' title='bbox 401 2712 480 2773; x_wconf 82' lang='lat' dir='ltr'><strong>feror</strong></span> <span class='ocrx_word' id='word_1_107' title='bbox 502 2712 576 2783; x_wconf 87' lang='lat' dir='ltr'><strong>huo,</strong></span> <span class='ocrx_word' id='word_1_108' title='bbox 597 2720 626 2773; x_wconf 92' lang='lat' dir='ltr'><strong>et</strong></span> <span class='ocrx_word' id='word_1_109' title='bbox 647 2711 733 2774; x_wconf 91' lang='lat' dir='ltr'><strong>litore</strong></span> <span class='ocrx_word' id='word_1_110' title='bbox 755 2730 843 2774; x_wconf 90' lang='lat' dir='ltr'><strong>curvo</strong></span> 
     </span>
     <span class='ocr_line' id='line_1_20' title="bbox 66 2793 791 2876; baseline 0.007 -22"><span class='ocrx_word' id='word_1_111' title='bbox 66 2794 182 2854; x_wconf 90' lang='lat' dir='ltr'><strong>moenia</strong></span> <span class='ocrx_word' id='word_1_112' title='bbox 204 2795 299 2871; x_wconf 88' lang='lat' dir='ltr'><strong>prima</strong></span> <span class='ocrx_word' id='word_1_113' title='bbox 321 2793 387 2855; x_wconf 92' lang='lat' dir='ltr'><strong>loco</strong></span> <span class='ocrx_word' id='word_1_114' title='bbox 410 2794 476 2857; x_wconf 82' lang='lat' dir='ltr'><strong>tatis</strong></span> <span class='ocrx_word' id='word_1_115' title='bbox 497 2797 647 2874; x_wconf 84' lang='lat' dir='ltr'><strong>ingressus</strong></span> <span class='ocrx_word' id='word_1_116' title='bbox 669 2797 791 2876; x_wconf 87' lang='lat' dir='ltr'><strong>iniquis,</strong></span> 
     </span>
     <span class='ocr_line' id='line_1_21' title="bbox 67 2875 802 2956; baseline 0.004 -21"><span class='ocrx_word' id='word_1_117' title='bbox 67 2875 277 2953; x_wconf 75' lang='lat' dir='ltr'><strong>Aeneadasque</strong></span> <span class='ocrx_word' id='word_1_118' title='bbox 298 2893 365 2936; x_wconf 90' lang='lat' dir='ltr'><strong>meo</strong></span> <span class='ocrx_word' id='word_1_119' title='bbox 384 2892 494 2938; x_wconf 87' lang='lat' dir='ltr'><strong>nornen</strong></span> <span class='ocrx_word' id='word_1_120' title='bbox 516 2879 692 2940; x_wconf 84' lang='lat' dir='ltr'><strong>denomino</strong></span> <span class='ocrx_word' id='word_1_121' title='bbox 713 2881 802 2956; x_wconf 85' lang='lat' dir='ltr'><strong>fingo.</strong></span> 
     </span>
    </p>

    <p class='ocr_par' dir='ltr' id='par_1_5' title="bbox 25 2959 943 3455">
     <span class='ocr_line' id='line_1_22' title="bbox 110 2959 779 3040; baseline 0.006 -23"><span class='ocrx_word' id='word_1_122' title='bbox 110 2959 200 3038; x_wconf 85' lang='lat' dir='ltr'><strong>Sacra</strong></span> <span class='ocrx_word' id='word_1_123' title='bbox 222 2959 368 3020; x_wconf 77' lang='lat' dir='ltr'><strong>Dionaeae</strong></span> <span class='ocrx_word' id='word_1_124' title='bbox 386 2960 473 3019; x_wconf 89' lang='lat' dir='ltr'><strong>matri</strong></span> <span class='ocrx_word' id='word_1_125' title='bbox 497 2959 626 3040; x_wconf 85' lang='lat' dir='ltr'><strong>divisque</strong></span> <span class='ocrx_word' id='word_1_126' title='bbox 647 2961 779 3022; x_wconf 79' lang='lat' dir='ltr'><strong>ferebam</strong></span> 
     </span>
     <span class='ocr_line' id='line_1_23' title="bbox 25 3039 943 3122; baseline 0.007 -21"><span class='ocrx_word' id='word_1_127' title='bbox 25 3069 27 3074; x_wconf 93' lang='lat'>·</span> <span class='ocrx_word' id='word_1_128' title='bbox 68 3039 237 3118; x_wconf 87' lang='lat' dir='ltr'><strong>auspicibus</strong></span> <span class='ocrx_word' id='word_1_129' title='bbox 259 3049 432 3120; x_wconf 87' lang='lat' dir='ltr'><strong>coeptorum</strong></span> <span class='ocrx_word' id='word_1_130' title='bbox 455 3059 593 3119; x_wconf 91' lang='lat' dir='ltr'><strong>operum,</strong></span> <span class='ocrx_word' id='word_1_131' title='bbox 615 3046 943 3122; x_wconf 36' lang='lat' dir='ltr'><strong>superoqueinitentem</strong></span> 
     </span>
     <span class='ocr_line' id='line_1_24' title="bbox 67 3123 811 3204; baseline 0.004 -19"><span class='ocrx_word' id='word_1_132' title='bbox 67 3123 238 3185; x_wconf 84' lang='lat' dir='ltr'><strong>caelicolum</strong></span> <span class='ocrx_word' id='word_1_133' title='bbox 258 3127 321 3204; x_wconf 79' lang='lat' dir='ltr'><strong>regi</strong></span> <span class='ocrx_word' id='word_1_134' title='bbox 343 3123 506 3186; x_wconf 80' lang='lat' dir='ltr'><strong>mactabam</strong></span> <span class='ocrx_word' id='word_1_135' title='bbox 527 3126 557 3186; x_wconf 90' lang='lat' dir='ltr'><strong>in</strong></span> <span class='ocrx_word' id='word_1_136' title='bbox 577 3126 663 3187; x_wconf 87' lang='lat' dir='ltr'><strong>litore</strong></span> <span class='ocrx_word' id='word_1_137' title='bbox 685 3133 811 3188; x_wconf 85' lang='lat' dir='ltr'><strong>taurum.</strong></span> 
     </span>
     <span class='ocr_line' id='line_1_25' title="bbox 67 3208 834 3288; baseline 0.001 -19"><span class='ocrx_word' id='word_1_138' title='bbox 67 3208 144 3269; x_wconf 85' lang='lat' dir='ltr'><strong>forte</strong></span> <span class='ocrx_word' id='word_1_139' title='bbox 167 3208 219 3268; x_wconf 91' lang='lat' dir='ltr'><strong>iuit</strong></span> <span class='ocrx_word' id='word_1_140' title='bbox 240 3211 319 3270; x_wconf 85' lang='lat' dir='ltr'><strong>iuxta</strong></span> <span class='ocrx_word' id='word_1_141' title='bbox 341 3208 485 3275; x_wconf 85' lang='lat' dir='ltr'><strong>tumulus,</strong></span> <span class='ocrx_word' id='word_1_142' title='bbox 509 3227 570 3288; x_wconf 89' lang='lat' dir='ltr'><strong>quo</strong></span> <span class='ocrx_word' id='word_1_143' title='bbox 590 3228 697 3273; x_wconf 90' lang='lat' dir='ltr'><strong>cornea</strong></span> <span class='ocrx_word' id='word_1_144' title='bbox 720 3228 834 3271; x_wconf 76' lang='lat' dir='ltr'><strong>stimmo</strong></span> 
     </span>
     <span class='ocr_line' id='line_1_26' title="bbox 67 3290 815 3373; baseline 0.003 -22"><span class='ocrx_word' id='word_1_145' title='bbox 67 3290 192 3369; x_wconf 79' lang='lat' dir='ltr'><strong>virgulta</strong></span> <span class='ocrx_word' id='word_1_146' title='bbox 214 3300 243 3352; x_wconf 88' lang='lat' dir='ltr'><strong>et</strong></span> <span class='ocrx_word' id='word_1_147' title='bbox 263 3292 361 3354; x_wconf 78' lang='lat' dir='ltr'><strong>densis</strong></span> <span class='ocrx_word' id='word_1_148' title='bbox 381 3292 533 3355; x_wconf 85' lang='lat' dir='ltr'><strong>hastilibus</strong></span> <span class='ocrx_word' id='word_1_149' title='bbox 554 3295 675 3356; x_wconf 89' lang='lat' dir='ltr'><strong>horrida</strong></span> <span class='ocrx_word' id='word_1_150' title='bbox 694 3303 815 3373; x_wconf 77' lang='lat' dir='ltr'><strong>myrtus.</strong></span> 
     </span>
     <span class='ocr_line' id='line_1_27' title="bbox 67 3375 871 3455; baseline 0.006 -20"><span class='ocrx_word' id='word_1_151' title='bbox 67 3376 193 3445; x_wconf 84' lang='lat' dir='ltr'><strong>accessi,</strong></span> <span class='ocrx_word' id='word_1_152' title='bbox 213 3375 393 3455; x_wconf 84' lang='lat' dir='ltr'><strong>viridemque</strong></span> <span class='ocrx_word' id='word_1_153' title='bbox 413 3376 450 3438; x_wconf 87' lang='lat' dir='ltr'><strong>ab</strong></span> <span class='ocrx_word' id='word_1_154' title='bbox 472 3377 561 3439; x_wconf 92' lang='lat' dir='ltr'><strong>humo</strong></span> <span class='ocrx_word' id='word_1_155' title='bbox 584 3377 750 3440; x_wconf 81' lang='lat' dir='ltr'><strong>convellere</strong></span> <span class='ocrx_word' id='word_1_156' title='bbox 772 3379 871 3442; x_wconf 86' lang='lat' dir='ltr'><strong>silvam</strong></span> 
     </span>
    </p>
   </div>
   <div class='ocr_carea' id='block_1_4' title="bbox 67 3457 905 3619">
    <p class='ocr_par' dir='ltr' id='par_1_6' title="bbox 67 3457 905 3619">
     <span class='ocr_line' id='line_1_28' title="bbox 67 3457 846 3538; baseline 0.012 -19"><span class='ocrx_word' id='word_1_157' title='bbox 67 3465 207 3529; x_wconf 85' lang='lat' dir='ltr'><strong>conatus,</strong></span> <span class='ocrx_word' id='word_1_158' title='bbox 228 3462 317 3520; x_wconf 87' lang='lat' dir='ltr'><strong>ramis</strong></span> <span class='ocrx_word' id='word_1_159' title='bbox 338 3467 469 3538; x_wconf 74' lang='lat' dir='ltr'><strong>tegerem</strong></span> <span class='ocrx_word' id='word_1_160' title='bbox 489 3470 522 3520; x_wconf 92' lang='lat' dir='ltr'><strong>ut</strong></span> <span class='ocrx_word' id='word_1_161' title='bbox 542 3461 747 3524; x_wconf 84' lang='lat' dir='ltr'><strong>frondentibus</strong></span> <span class='ocrx_word' id='word_1_162' title='bbox 766 3457 846 3533; x_wconf 81' lang='lat' dir='ltr'><strong>aras.</strong></span> 
     </span>
     <span class='ocr_line' id='line_1_29' title="bbox 135 3561 905 3619; baseline 0.001 -11"><span class='ocrx_word' id='word_1_163' title='bbox 135 3572 270 3619; x_wconf 68' lang='lat' dir='ltr'><strong>areston,</strong></span> <span class='ocrx_word' id='word_1_164' title='bbox 289 3573 402 3611; x_wconf 43' lang='lat' dir='ltr'><strong>utorio</strong></span> <span class='ocrx_word' id='word_1_165' title='bbox 884 3561 905 3618; x_wconf 83' lang='lat'><strong>9</strong></span> 
     </span>
    </p>
   </div>
   <div class='ocr_carea' id='block_1_5' title="bbox 0 0 1262 4096">
    <p class='ocr_par' dir='ltr' id='par_1_7' title="bbox 0 0 1262 4096">
     <span class='ocr_line' id='line_1_30' title="bbox 0 0 1262 4096; baseline 0 0"><span class='ocrx_word' id='word_1_166' title='bbox 0 0 1262 4096; x_wconf 95' lang='lat' dir='ltr'><strong> </strong></span> 
     </span>
    </p>
   </div>
  </div>
 </body>
</html>
