2512 4096
343 261 345 266 ’
383 292 527 341 venerer
541 290 666 340 annuis
686 291 747 338 v111
1008 277 1068 338 249

61 448 131 508 dixit
153 454 181 507 et
202 447 317 526 angusti
338 454 440 525 supter
461 446 574 524 fastigia
593 446 662 505 tecti

60 532 208 608 ingentem
227 532 346 591 Aenean
365 530 448 591 duxit
464 530 620 609 suatisque
641 526 745 588 locavit

61 612 192 675 eiiultum
213 611 290 674 follis
312 619 341 674 et
360 612 438 692 pelle
459 612 615 691 Libystidis
638 627 733 671 ursae.

102 695 166 757 Nox
186 697 247 758 ruit
267 703 296 758 et
316 695 407 758 luscis
427 694 563 757 tellurem
585 692 770 772 amplectitur
791 692 852 754 alis.

60 787 89 841 at
110 778 208 841 Venus
229 779 300 842 baut
322 780 419 840 animo
440 779 619 857 nequiquam
642 777 779 839 exterrita
797 783 890 837 mater
1017 784 1070 835 tto
1182 804 1185 810 ·

59 863 299 947 Laurentumque
318 862 405 924 minis
427 869 456 924 et
477 862 555 923 duro
574 868 653 922 mota
675 859 800 922 tumultu

61 945 220 1008 Volcanum
243 944 411 1027 adloquitur
432 944 620 1022 thalamoque
639 945 713 1006 baec
734 944 866 1021 coniugis
887 960 977 1005 aureo

59 1031 161 1108 incipit
183 1036 212 1091 et
234 1030 318 1092 dictis
342 1030 473 1091 divinum
495 1029 624 1109 adspirat
644 1044 790 1089 amorem:

61 1112 147 1173 ‘dum
164 1111 243 1174 bello
263 1113 391 1191 Argolici
411 1112 562 1174 vastabant
581 1112 724 1188 Pergama
744 1127 831 1188 reges

61 1195 159 1257 debita
182 1212 360 1274 casurasque
381 1196 507 1257 inimicis
525 1195 641 1273 ignibus
660 1212 752 1263 arces,
1019 1202 1069 1252 tto

60 1297 120 1341 non
141 1277 234 1341 ullum
255 1278 394 1341 auxilium
414 1281 539 1350 miseris,
561 1296 622 1339 non
642 1296 724 1340 arma
744 1279 844 1355 rogavi

61 1363 133 1423 artis
155 1363 277 1442 opisque
298 1369 367 1424 tuae
388 1380 445 1424 neo
464 1371 503 1432 te,
526 1363 675 1424 carissime
699 1362 832 1431 cordunx,

60 1447 242 1507 incassumve
260 1453 326 1507 tuos
349 1445 427 1507 volui
449 1463 590 1508 exercere
613 1444 738 1514 labores,
793 1500 795 1504 .

61 1531 191 1608 quamvis
214 1537 243 1591 et
264 1529 372 1591 Priami
390 1528 529 1591 deberem
547 1528 674 1608 plurima
692 1531 766 1590 uatis

63 1620 92 1674 et
114 1612 222 1675 durum
242 1613 359 1675 Aeneae
379 1612 524 1675 flevissem
546 1629 634 1692 saepe
653 1612 795 1680 laborem.

60 1714 140 1758 nuno
160 1697 235 1758 Iovis
257 1698 388 1777 imperiis
405 1696 582 1759 Rutulorum
605 1698 732 1758 constitit
753 1697 827 1758 oris:

62 1797 132 1858 ergo
155 1781 256 1842 eadem
277 1781 400 1860 supplex
419 1783 504 1842 venio
526 1788 556 1841 et
574 1779 717 1860 (sanetum
735 1780 806 1841 mihi
826 1780 944 1856 nomon)

61 1881 143 1926 arma
162 1882 236 1943 rogo
257 1867 388 1944 genetrix
408 1872 487 1926 nato.
520 1864 628 1926 taillia
650 1864 745 1930 Nerei,

62 1954 91 2008 te
112 1948 206 2026 potuit
225 1947 352 2009 lacrimis
373 1948 509 2009 Titbonia
530 1947 652 2011 ssectere
672 1947 807 2007 coniunx.

62 2032 162 2109 aspice
187 2033 238 2108 qui
259 2039 363 2093 coeant
381 2030 490 2108 populi,
512 2049 587 2108 quae
606 2031 722 2090 moenia
741 2026 846 2089 clausis
1151 2104 1154 2111 ἱ

62 2112 176 2174 ierrum
198 2115 418 2192 acuantportis
437 2116 469 2172 in
489 2131 540 2173 me
559 2113 761 2189 excidiumque
783 2111 937 2171 meorum!

61 2196 176 2257 dixerat
198 2203 227 2256 et
248 2197 339 2257 niveis
361 2196 430 2256 binc
452 2205 539 2272 atque
560 2196 629 2255 binc
647 2195 712 2255 diva
732 2192 850 2255 lacertis
1045 2200 1048 2206 '

63 2284 248 2340 cunctantem
269 2277 406 2358 amplexu
427 2277 508 2338 molli
529 2277 616 2338 iovet.
648 2277 697 2339 ille
717 2283 840 2354 repente

62 2363 175 2440 accepit
196 2362 310 2423 solitam
329 2362 487 2432 dammam,
509 2368 654 2441 notusque
671 2360 814 2422 medullas

61 2447 178 2506 intravit
193 2445 278 2513 'odor
301 2453 329 2507 et
351 2444 494 2506 labefacta
519 2463 573 2524 per
595 2463 659 2508 ossa
682 2445 826 2507 cucurrit:

61 2546 122 2590 non
143 2547 228 2592 secus
248 2536 336 2608 atque
357 2527 427 2590 olim
445 2531 554 2591 tonitru
573 2547 640 2591 cum
658 2536 745 2607 rupta
766 2545 889 2590 corusco

61 2616 148 2692 ignea
169 2615 243 2675 rima
266 2614 376 2674 micans
398 2615 548 2692 percurrit
566 2613 677 2674 lumine
696 2611 823 2674 nimbos.

61 2698 152 2758 sensit
171 2696 246 2758 laeta
265 2696 341 2758 dolis
358 2704 386 2758 et
407 2697 520 2759 formae
540 2698 656 2759 conscia
677 2697 812 2758 coniunx.

63 2788 125 2841 tum
145 2789 228 2859 pater
250 2790 371 2843 aeterno
395 2781 472 2843 latur
494 2782 645 2843 devinctus
668 2799 768 2842 amore

62 2865 150 2941 ‘quid
171 2882 273 2926 causas
294 2864 369 2942 petis
392 2883 427 2926 ex
450 2864 525 2925 altoi
547 2864 653 2924 fiducia
671 2864 758 2926 cessit

65 2963 122 3024 quo
144 2946 208 3015 tibi,
232 2947 304 3015 diva,
326 2947 409 3012 meii,
433 2947 535 3008 similis
554 2948 579 3006 si
602 2965 672 3008 cura
691 2947 802 3019 luisset,

62 3034 125 3089 tum
147 3047 264 3110 quoque
287 3029 331 3091 ias
350 3028 437 3089 nobis
457 3029 589 3090 Teucros
610 3025 726 3090 armare
748 3028 866 3089 luisset:

62 3130 118 3173 nec
136 3120 220 3192 pater
239 3114 422 3193 omnipotens
444 3113 561 3173 Troiam
581 3129 637 3173 nec
658 3113 716 3172 iata
733 3111 869 3172 vetabant

63 3205 140 3257 stare
161 3197 321 3278 decemque
340 3197 413 3258 alios
435 3196 583 3258 Priamum
604 3213 757 3276 superesse
778 3213 833 3274 per
854 3212 957 3256 annos.
984 3260 987 3267 ,

15 3319 16 3322 =
64 3288 93 3341 et
112 3298 200 3352 nunc,
220 3283 245 3343 si
267 3281 378 3343 bellare
395 3299 483 3360 paras
508 3288 595 3360 atque
616 3279 690 3342 baec
711 3279 763 3341 tihi
784 3297 867 3341 mens
891 3287 942 3349 est,
1021 3286 1074 3337 400

63 3364 204 3444 quidquid
225 3366 255 3426 in
276 3373 339 3427 arte
357 3384 422 3427 mea
441 3384 561 3445 possum
582 3367 755 3443 promittere
776 3381 874 3434 curae,
1087 3376 1092 3383 ·

63 3450 143 3526 quod
161 3449 226 3510 lieri
246 3449 326 3511 ferro
347 3447 493 3527 liquidove
512 3457 608 3528 potest
630 3448 747 3518 electro,

63 3539 205 3612 quamum
227 3534 310 3612 ignes
332 3533 503 3613 animaeque
525 3531 629 3603 valent,
652 3532 760 3594 absiste
780 3529 930 3612 precando
