2512 4096
118 299 232 348 XXVIII
425 296 473 343 DE
496 296 578 343 vira
600 296 645 342 mu
668 293 822 343 SCRIPTIS

119 459 192 516 centi
219 456 315 513 doloro
336 471 466 529 oppressa
492 455 623 511 defecisse
648 454 749 517 fertur,
776 453 912 526 lietusque
935 462 1082 528 parentum
1108 471 1139 514 ae

118 544 235 617 gemitus
250 548 395 597 extremam
410 538 474 595 libri
488 547 592 611 partem
607 544 768 611 prosecutus
784 545 827 593 est
837 531 867 608 ¹).

203 624 329 680 Ceterum
344 624 462 696 scriptus
483 631 548 696 post
568 638 666 678 annum
683 620 756 683 725,
778 621 902 677 sedante
918 619 977 677 727
995 638 1018 678 a.
1036 623 1063 680 d.
1080 622 1138 680 lll'l

121 708 179 765 llal.
197 707 274 763 Febr.
287 711 411 779 primus,
429 713 493 781 post
508 706 623 762 eundem
639 706 782 761 terminum
795 714 871 760 ortus
887 711 1014 776 octavus,
1033 711 1139 764 tertius

123 799 226 866 posta.
243 791 320 852 726,
343 806 394 846 nec
407 791 544 846 recentior
559 805 592 846 eo
607 796 745 862 quartus,
767 789 815 844 sed
831 796 873 844 est
887 792 1042 846 secundus.
1072 799 1137 864 post

121 877 232 933 tertium
247 882 274 930 et
296 879 420 947 quartum
436 881 464 929 et
484 874 550 929 noni
570 882 673 947 partem
687 882 760 928 certe
775 880 854 929 natus
870 880 912 928 est
932 876 1066 946 quintus,
1088 875 1136 930 scd

120 975 215 1016 nonus
236 973 346 1030 quoquo
366 964 430 1031 post
457 958 566 1013 tertium
587 965 615 1012 et
636 964 769 1029 quartum.
807 956 903 1012 ultimo
923 958 993 1012 vitae
1015 973 1087 1014 anno
1109 959 1136 1014 in

121 1045 241 1114 septimo
256 1049 337 1116 poeta
352 1039 404 1096 fuit
420 1049 566 1114 occupatus
573 1034 605 1112 2).
636 1039 747 1113 reliquis
763 1039 837 1096 libris
854 1041 983 1115 temporis
998 1049 1065 1097 nota
1079 1059 1137 1098 non

120 1129 202 1183 inest.
239 1123 376 1181 crescebat
396 1133 486 1180 autem
507 1141 568 1180 cum
589 1139 672 1197 opere
693 1125 851 1197 gravissimo
873 1125 1074 1198 amicorumque
1089 1127 1136 1198 qui

119 1218 210 1285 partes
232 1215 417 1284 cognoverant
431 1207 606 1264 admiratione
621 1207 799 1272 desiderium,
821 1216 852 1264 ut
868 1207 974 1263 undem
989 1208 1135 1282 aliquando

119 1294 270 1367 perlectum
291 1292 394 1348 videret
414 1293 582 1367 dignumque
602 1299 631 1347 et
656 1307 704 1346 sua
724 1307 773 1364 spe
795 1301 822 1347 et
849 1291 961 1348 aliorum
982 1294 1135 1365 praeconiis

120 1377 201 1433 edere
216 1384 319 1449 posset.
342 1375 395 1431 boc
406 1379 495 1431 animo
507 1374 571 1431 dum
585 1377 613 1431 in
625 1375 785 1432 Surrentino
800 1376 880 1432 litore
896 1375 1031 1432 habitabat
1041 1386 1135 1432 votum

121 1460 219 1516 Veneri
234 1460 359 1533 concepit
374 1460 447 1531 quod
462 1461 490 1514 iu
505 1460 581 1515 catal.
599 1460 631 1514 Vl
646 1459 757 1533 legitur.

209 1541 305 1599 ‘Anno
327 1545 421 1598 aetatis
444 1544 667 1618 quinquagesimo
689 1543 809 1599 secundo
831 1544 1008 1616 impositurus
1023 1543 1137 1601 beneidi

120 1643 251 1684 summam
261 1643 369 1684 manum
381 1627 477 1682 statuit
490 1627 519 1682 in
535 1627 669 1683 Graeciam
682 1635 709 1682 et
723 1628 751 1683 in
762 1629 851 1683 Asiam
865 1627 990 1683 secedere
1005 1628 1135 1683 triennio·

122 1728 174 1785 que
186 1711 318 1767 continuo
330 1709 398 1766 nibil
414 1710 526 1784 amplius
543 1726 621 1783 quam
638 1710 786 1777 emendare,
803 1721 833 1767 ut
847 1712 951 1784 reliqua
963 1713 1017 1766 vita
1032 1718 1137 1767 tautum

121 1795 312 1870 philosophiae
327 1802 440 1850 vacaret.
471 1793 518 1850 sed
534 1809 594 1850 cum
615 1795 755 1869 ingressus
777 1796 830 1851 iter
843 1795 955 1851 Athenis
971 1796 1138 1852 occurrisset

121 1881 244 1954 Augusto
256 1877 288 1934 ab
300 1880 405 1937 oriente
416 1877 526 1934 Romam
537 1880 684 1934 revertenti
696 1879 923 1952 destinassetque'
939 1880 994 1935 leni
1005 1881 1137 1952 principis

119 1965 143 2020 ri
160 1972 280 2026 coactus,
297 1973 328 2019 ut
343 1964 449 2037 opinor,
467 1960 534 2018 ‘non
549 1961 680 2018 absistere
695 1971 776 2036 atque
793 1965 871 2019 etiam
887 1979 940 2018 uns
955 1963 1054 2027 redire,
1072 1963 1136 2019 duni

119 2047 226 2123 liegara
241 2049 355 2105 vicinum
372 2047 500 2120 oppidum
515 2046 713 2102 ferventissimo
729 2047 788 2103 sole
803 2049 959 2121 cognoscit.
975 2047 1137 2120 languorem

119 2139 213 2188 nactus
229 2140 270 2187 est
285 2147 401 2206 eumque
415 2148 471 2188 non
485 2132 638 2186 intermissa
652 2131 824 2204 navigatione
839 2132 912 2187 auxit
927 2132 964 2187 ita
980 2138 1009 2186 ut
1025 2133 1137 2204 gravior

120 2214 258 2288 aliquanto
279 2215 450 2271 Brundisium
472 2215 634 2288 appelleret,
656 2214 702 2270 ubi
716 2213 809 2270 diebus
831 2216 923 2288 paucis
945 2214 1012 2271 obiit
1026 2214 1060 2270 lll
1077 2213 1134 2270 llsl.

120 2297 229 2355 Octobr.
247 2297 293 2354 Gn.
311 2298 403 2354 Sentio
420 2297 450 2365 Q.
467 2298 592 2354 lucretio
608 2299 698 2354 coss.'
715 2298 742 2354 b.
760 2314 784 2354 e.
801 2315 871 2356 anuo
888 2291 1045 2375 735)193).

191 2427 210 2493 ¹)
230 2426 372 2492 (recitauit)
400 2430 525 2485 ‘sextum
552 2429 601 2477 sed
621 2428 685 2477 tune
708 2429 814 2479 notabili
837 2428 956 2480 Oetaoiae
978 2428 1135 2489 adfectione,

124 2510 188 2561 puae
205 2510 260 2545 cum
271 2495 420 2546 recitationi
436 2496 572 2544 interesset
588 2495 625 2544 ad
640 2496 697 2545 illos
714 2498 747 2546 de
761 2498 815 2559 filio
826 2512 873 2546 suo
884 2510 972 2547 omnes
989 2499 1043 2544 “tn
1060 2495 1135 2546 Mar·

122 2565 200 2613 celius
223 2564 303 2613 eris’'
331 2562 457 2625 defecisse
484 2563 570 2623 fertur
593 2569 668 2627 atque
690 2580 767 2627 aspre
791 2564 909 2626 focillata
931 2565 983 2612 est’
1006 2562 1136 2612 Donatus

120 2646 146 2694 p.
166 2631 198 2678 62
209 2631 242 2680 R.
268 2634 310 2680 ‘et
332 2635 433 2679 constat
454 2629 519 2678 bunc
541 2629 629 2678 librum
651 2636 725 2681 tanta
746 2632 953 2695 pronuntiatione
970 2630 1088 2694 Augusto
1110 2638 1136 2680 et

121 2695 241 2748 Octauiae
263 2712 318 2747 esse
341 2698 489 2754 recitatum,
516 2703 543 2744 ut
566 2697 629 2760 fleta
650 2699 724 2748 nimio
747 2699 904 2762 imperarent
925 2698 1056 2749 silentium.
1087 2697 1137 2747 nisi

124 2765 246 2829 Virgilius
265 2767 341 2826 finem
358 2779 414 2812 esse
438 2765 559 2822 dixisset,
584 2765 627 2828 qui
640 2781 691 2828 pro
708 2767 756 2815 bac
773 2775 834 2814 aere
856 2766 930 2829 praui
946 2766 1056 2814 donatus
1074 2767 1135 2816 est!

120 2829 234 2881 Servius
252 2830 288 2880 sd
299 2830 368 2883 Aen.
381 2830 421 2882 VI
438 2831 496 2881 862.
516 2830 552 2880 ci.
571 2830 695 2898 prolegg,
709 2834 749 2883 60.
775 2831 808 2882 de
826 2832 922 2896 inepta
939 2831 1036 2881 Erotis
1048 2830 1136 2884 libra·

120 2897 156 2946 rii
181 2896 278 2947 fabula
300 2914 317 2947 a
340 2898 450 2947 Donato
474 2914 499 2962 p.
525 2899 570 2963 62,
594 2901 686 2963 6sqq.
710 2903 739 2948 et
763 2899 859 2949 Servio
882 2898 918 2948 sd
939 2900 1007 2949 Aen.
1030 2898 1066 2949 vi
1087 2899 1136 2948 165

119 2967 232 3015 narrata
245 2965 311 3028 quid
323 2964 441 3015 sentiam
455 2964 512 3014 dlxi
523 2965 553 3014 in
565 2965 688 3030 prolegg.
702 2967 734 3016 63
744 2981 784 3030 sq.
798 2966 834 3016 cf.
847 2965 958 3030 Hageni
971 2964 990 3016 l.
1003 2963 1023 3013 l.
1036 2981 1061 3029 p.
1075 2967 1126 3016 686

186 3030 207 3094 ²)
226 3032 421 3083 Demonstrsvi
437 3032 507 3083 baec
524 3033 552 3081 in
570 3032 782 3098 prolegomenon
801 3034 891 3099 cupite
909 3036 996 3082 sexto.

186 3096 210 3158 ³)
228 3099 331 3149 Donati
341 3115 367 3165 p.
378 3100 411 3149 62
422 3112 461 3163 sq.
472 3101 504 3150 R.
514 3099 599 3149 verba
609 3105 681 3152 sunt.
693 3097 857 3162 (destinasset
867 3099 980 3164 scripsi:
993 3101 1135 3160 destinare,

120 3166 274 3224 destinaret.
293 3169 430 3217 disdnaret
441 3165 515 3230 libri)
531 3168 677 3232 ‘Vergilius
688 3167 815 3217 Brundisi
823 3170 930 3219 moritur
942 3166 1030 3216 Sentio
1043 3168 1135 3218 Satar-

120 3233 178 3283 nino
202 3240 227 3282 et
253 3235 375 3285 Lucretio
399 3233 494 3283 Cinna'
523 3233 614 3296 (immo
637 3233 807 3299 Vespilloue)
830 3232 922 3285 ‘coss.'
949 3233 1136 3300 Hieronymus

120 3297 162 3348 Ol.
177 3300 235 3351 190.
247 3302 270 3348 2.
289 3303 411 3352 ‘decessit
427 3303 454 3350 in
469 3302 589 3352 Calabria
606 3318 697 3352 annum
713 3317 792 3365 opens
804 3303 1031 3367 quinquagesimum
1043 3308 1069 3352 et
1080 3304 1137 3366 pri·

119 3369 191 3415 mum’
203 3367 310 3418 Probus
322 3370 350 3418 in
363 3369 422 3419 vite
435 3384 461 3432 p.
473 3372 486 3418 1
500 3369 533 3418 Κ.
545 3371 622 3420 ‘uiuit
633 3384 714 3419 annos
726 3369 795 3418 LII’
809 3370 869 3420 vito
880 3371 962 3420 Bern.
976 3366 1012 3417 ci.
1024 3369 1137 3420 Phocus

119 3447 145 3484 v.
159 3436 206 3485 102
220 3449 279 3499 sqq.
298 3435 369 3485 falsa
387 3440 483 3485 narrat
502 3441 665 3501 personatus
678 3435 789 3486 Servius
807 3437 836 3486 in
848 3438 907 3486 vita
918 3452 945 3500 p.
959 3437 974 3484 2
986 3435 1019 3484 L.
1040 3439 1137 3500 ‘periit

119 3507 201 3550 autem
216 3501 321 3552 Tarenti
338 3506 363 3553 in
374 3503 487 3566 Apuliae
499 3506 615 3554 ciuitate:
633 3519 689 3553 narn
701 3504 757 3552 dum
769 3504 945 3568 Metapontum
957 3505 1025 3566 eupit
1038 3505 1136 3564 uidere,

118 3568 284 3620 ualetudinem
303 3586 338 3621 ex
354 3571 417 3622 solis
434 3573 529 3622 ardore
547 3573 693 3621 contranit’
714 3566 805 3634 (periit
817 3587 867 3622 om.
880 3570 949 3636 BP),
968 3585 1039 3636 quse
1057 3569 1135 3623 unde
