2512 4096
208 265 235 314 Χ
509 259 556 308 ΒΕ
581 258 661 307 VITA
682 259 727 307 lli·
747 256 899 309 scaffnis

97 440 100 445 ·
205 422 259 479 rita
283 419 413 483 decessit,
434 424 500 491 toga
520 416 588 472 virill
599 411 618 488 1)
638 415 815 473 Mediolanum
835 423 1020 489 transgressus
1040 413 1120 488 paulo
1141 422 1204 488 post

206 520 277 561 anno
293 498 408 579 tollas
424 500 534 556 ilomam
549 493 661 573 venit2).

288 584 326 641 lbi
346 586 464 658 primum·
479 583 639 639 rhetoricam
654 584 773 639 exercuit
793 581 863 655 apud
883 584 1016 655 Epidion
1031 591 1164 639 oratorem
1171 577 1205 654 ³),

206 685 286 743 quem
306 677 411 742 praeter
426 666 492 722 allos
507 665 541 722 ll.
558 667 666 723 Antonii
681 673 709 722 et
723 665 840 722 Caesaris
857 664 990 722 Octaviani
1004 674 1205 740 praeceptorem

205 753 291 808 luisse
310 767 370 807 cum
391 748 513 806 adfirmet
532 749 677 806 Suetonius
698 749 731 806 de
751 765 862 823 gramm.
884 757 911 806 et
930 750 1000 805 rhet.
1017 748 1057 806 28
1073 747 1128 822 (4),
1150 766 1205 821 non

209 832 374 909 inprobabile
390 839 432 889 est
447 831 587 889 Octaviano
603 835 654 889 lam
675 840 731 889 tum
745 834 939 901 consuetudin
954 833 1041 906 aliqua
1055 834 1206 888 innotuisse

209 917 416 974 adulescentem.
446 915 495 972 sed
515 915 548 972 ad
566 916 684 974 lorensis
703 917 812 991 negotia
826 917 868 973 vel
889 918 1009 991 corporis
1023 915 1206 972 imbecillitate

205 1001 312 1055 minime
322 1007 413 1055 natum
424 997 569 1064 ‘felicitas',
585 1006 615 1055 ut
625 1001 661 1056 ait
671 991 810 1070 Seneoa⁴)‚
827 1001 975 1074 ‘ingenilin
985 1001 1105 1055 oratione
1115 999 1206 1055 solnta

204 1081 336 1156 reliquit',
348 1082 527 1139 tardissimum
538 1083 616 1139 etlam
628 1084 655 1138 ln
665 1099 789 1140 sermone
799 1099 830 1139 ac
840 1100 925 1157 paene
936 1083 1045 1139 indocto
1057 1077 1203 1155 similemi).

205 1181 272 1241 ergo
287 1182 393 1223 oausam
413 1165 483 1240 apud
500 1165 600 1222 iudices
617 1183 695 1222 unam
717 1167 824 1223 omnino
846 1168 903 1240 egit
922 1183 973 1223 nec
992 1166 1104 1239 amplius
1126 1182 1205 1239 quam

205 1243 327 1322 seneli).

290 1331 348 1400 Quo
364 1334 463 1388 maiore
482 1333 608 1389 incensus
624 1332 768 1407 eupiditate
783 1339 892 1389 naturae
907 1349 1000 1390 aroana
1019 1331 1206 1406 perscrutandi

206 1415 240 1471 ad
263 1415 460 1490 philosophiam
481 1431 511 1471 se
532 1416 686 1491 applicavit,
707 1417 835 1490 magistro
856 1432 919 1471 usus
941 1417 1043 1474 Sirone
1063 1414 1204 1489 Epicureo,

205 1497 341 1556 Ciceronis
369 1515 476 1571 quoque
497 1498 635 1563 lamiliari.
663 1500 738 1556 ouius
758 1499 894 1573 disciplina
921 1516 971 1555 una
996 1515 1056 1554 oum
1076 1500 1205 1570 Alpheno

214 1582 290 1639 Varo
299 1579 416 1636 imbutus
427 1575 508 1653 esti).
536 1590 627 1639 entant
637 1582 715 1638 iambi
727 1580 874 1638 Catulliana
887 1583 949 1638 stilo
960 1583 1035 1656 digni
1046 1580 1132 1654 (catal.
1141 1580 1205 1652 vti),

273 1773 294 1838 1)
312 1776 438 1827 Donatus
455 1792 481 1842 p.
499 1778 544 1841 65,
564 1779 604 1828 14.

272 1840 459 1908 ²)‘Verpi1ins
485 1852 583 1908 sumpta
610 1850 670 1908 iopa
692 1845 862 1896 Mediolanum
889 1846 1076 1909 transpreditur
1098 1850 1123 1893 ei
1147 1850 1208 1906 post

205 1909 280 1960 breue
306 1916 401 1973 tempas
427 1911 528 1961 Romam
551 1913 652 1976 perpit’
679 1911 714 1974 (a.
739 1910 799 1976 701)
825 1912 1008 1976 Hieronymus
1035 1909 1158 1971 01,181,
1181 1912 1207 1959 4.

111 2029 113 2034 ,
206 1975 345 2027 ‘Cremona
361 1976 533 2028 Mediolanum
550 1985 575 2028 et
591 1980 650 2030 inde
667 1981 742 2042 paulo
757 1985 818 2044 post
836 1980 937 2028 transiit
953 1979 980 2027 in
996 1976 1096 2026 uriem’
1114 1977 1207 2026 Dona·

205 2047 249 2093 ius
268 2059 294 2108 p.
313 2043 359 2103 55,
380 2044 423 2103 17,
441 2045 489 2095 ubi
506 2043 619 2110 vulgata
637 2045 785 2111 ‘Neapolim
801 2047 917 2096 transiit’
936 2043 1028 2094 babet.
1050 2042 1114 2091 inde
1134 2041 1206 2107 apud

207 2108 331 2159 Servium
342 2110 371 2159 in
383 2110 443 2161 viia
461 2111 563 2176 legitur
580 2113 701 2162 ‘diuersis
713 2115 740 2162 in
757 2115 819 2162 iocis
830 2127 933 2175 operam
951 2112 1032 2160 literis
1049 2111 1132 2165 deuia·
1151 2125 1208 2158 nam

206 2175 390 2237 etvdremnnae
412 2185 439 2227 et
459 2178 601 2229 Mediolani
622 2186 647 2229 et
668 2180 779 2245 Neapoli
801 2180 915 2238 studuit)
955 2175 1104 2226 Mediolani
1127 2191 1208 2239 quam

208 2239 433 2292 doreani'eiudia
450 2251 544 2295 narrat
561 2245 669 2296 Plinius
688 2262 731 2311 ep.
749 2246 784 2296 lv
802 2249 841 2296 13

273 2305 294 2368 ³)
312 2311 354 2356 ‘ut
374 2311 479 2371 primurn
495 2327 524 2361 se
540 2315 646 2362 contulit
662 2313 764 2362 Romarm
782 2311 877 2374 (romae
896 2307 1003 2374 codd),
1025 2310 1121 2358 studuit
1138 2310 1208 2372 apud

209 2372 325 2437 Epidium
341 2382 468 2424 oratorem
485 2392 538 2425 esan
552 2378 661 2427 Caesare
673 2378 801 2441 Aupusto’
820 2380 879 2428 vita
895 2377 1051 2427 Bernensis.
1075 2380 1143 2424 ‘oum
1159 2377 1208 2423 iam

208 2440 304 2488 summis
316 2440 472 2504 eloquentiae
484 2443 627 2492 doctoribus
638 2451 752 2500 uacaret,
772 2446 798 2492 in
815 2444 872 2493 beili
883 2445 961 2493 ciuilis
978 2451 1092 2506 tempora
1108 2442 1206 2491 incidit’

208 2503 363 2556 Probianae
380 2505 455 2555 vitae
473 2512 623 2572 excerptor.

273 2568 284 2602 ⁴
313 2570 380 2622 mxc.
399 2575 520 2623 controv.
538 2573 580 2623 111
598 2589 625 2638 p.
643 2574 706 2636 361,
727 2574 758 2621 14
776 2575 807 2625 B.

206 2704 238 2754 58
264 2634 297 2754 8⁶9
314 2636 343 2687 0.
356 2637 460 2688 Melissi
471 2639 543 2703 apud
560 2641 699 2689 Donatum
715 2655 742 2704 p.
754 2640 795 2702 58,
815 2640 927 2691 iverba
938 2646 1015 2691 sunta
1033 2641 1069 2691 of.
1082 2640 1206 2706 prolegg.

272 2769 297 2833 ⁶)
314 2771 419 2820 Donati
436 2771 454 2821 l.
474 2771 492 2821 l.
510 2773 604 2823 rerba.

272 2834 294 2898 7)
313 2841 377 2887 ‘tam
394 2837 441 2887 tibi
457 2837 574 2888 Sironem
585 2838 663 2890 Maro
676 2841 780 2890 contulit
795 2841 853 2903 ipsa
863 2842 1005 2903 mapistrnm
1021 2842 1101 2892 lioma
1116 2846 1209 2904 potens

204 2917 374 2969 proceresque
395 2920 456 2955 suos
477 2906 523 2955 tibi
546 2906 629 2956 innuit
651 2907 756 2957 amicos:
779 2907 861 2958 Pollio
883 2907 1022 2957 Maecenas
1043 2907 1127 2956 Varus
1146 2907 1208 2956 Gor·

205 2971 285 3020 aelius
297 2972 398 3028 ardent,
420 2971 455 3021 Te
466 2971 515 3021 sibi
527 2973 631 3038 quisque
642 2974 719 3036 rapit,
736 2989 785 3038 per
797 2981 821 3023 te
833 2976 942 3024 uicturus
953 2976 979 3023 in
989 2977 1088 3024 aenam’
1102 2973 1209 3027 Phocus

205 3053 232 3088 v.
252 3037 284 3087 63
303 3052 361 3102 sqq.
387 3040 453 3088 ‘uuit
474 3042 568 3105 exequi
594 3046 688 3089 sectum
715 3039 880 3103 Epicuream,
907 3056 980 3104 quam
1007 3043 1133 3090 didicerat
1159 3048 1210 3088 tam

209 3105 332 3168 Virpiiius
355 3120 428 3168 quam
459 3105 544 3156 Vanis
570 3107 675 3156 docente
702 3104 808 3157 Sirone’
836 3107 947 3158 Servius
969 3106 1007 3156 ad
1034 3107 1082 3156 ecl.
1106 3106 1145 3157 VI
1168 3108 1208 3154 13.

206 3175 259 3219 ‘en
275 3171 370 3221 maiore
388 3179 469 3222 autem
488 3180 566 3236 parte
587 3171 703 3224 Sironem
713 3175 856 3236 mapastrum
871 3190 940 3224 suum
956 3173 1110 3237 Epicureum
1125 3174 1209 3236 sequi·

206 3240 263 3286 iur’
282 3236 356 3286 idem
372 3236 409 3286 ad
425 3240 492 3289 Aen.
511 3239 550 3291 VI
568 3241 625 3289 264.
646 3239 681 3290 of.
700 3239 784 3290 sohoL
801 3240 899 3291 Veron.
917 3239 953 3289 ad
970 3240 1019 3290 ecl.
1037 3240 1076 3289 VI
1094 3242 1109 3289 3
1128 3255 1154 3303 p.
1167 3240 1208 3296 74,

206 3304 222 3354 5
241 3303 275 3353 K.
294 3304 358 3365 ‘suit
375 3311 456 3354 autem
471 3307 557 3356 Varus
575 3307 759 3369 conducimus
775 3306 887 3369 Virpiiii,
907 3323 976 3371 quem
990 3307 1111 3369 fraterno
1123 3319 1209 3355 amore

206 3371 313 3420 diieait’
333 3370 420 3420 schol.
437 3373 518 3422 Bern.
539 3372 575 3422 nd
593 3371 644 3421 eol.
663 3372 703 3423 vi
721 3375 761 3424 ll.
797 3372 958 3438 allegoristae
975 3373 1109 3436 inperitus
1130 3370 1210 3420 finxit

207 3451 278 3502 quae
290 3436 392 3486 ibidem
404 3437 440 3488 ad
453 3454 477 3490 v.
492 3441 523 3489 13
535 3438 716 3489 adnotantur:
735 3439 810 3489 ‘ias’
830 3439 970 3501 (Chromin
986 3443 1014 3486 ei
1031 3437 1208 3502 Mnasyllum)

207 3508 215 3535 ²
220 3518 271 3569 pro
283 3505 463 3568 condiscipulis
479 3506 581 3569 Virpiiii
597 3506 716 3570 accipere
728 3505 855 3565 debemus,
878 3506 948 3555 Varo
959 3506 1056 3554 scilicet
1072 3511 1099 3554 et
1119 3504 1209 3562 Tucca,-
