2512 4096
101 251 160 315 172
438 262 726 314 monterianum
748 266 770 312 v

99 421 170 481 haut
190 436 287 488 mora,
310 415 474 496 prosiluere
495 417 569 478 suis:
589 418 656 478 ierit
677 418 794 480 aethera
817 418 926 480 clausor
1066 438 1121 488 lau

101 503 247 572 nauticus,
269 501 400 562 adductis
420 510 556 580 spumant
576 501 650 562 ireta
670 519 754 562 versa
774 502 901 563 lacertis.

100 585 244 646 infindunt
264 586 374 662 pariter
396 583 509 655 sulcos,
531 591 684 663 totumque
706 584 827 646 dehiscit

100 667 268 730 convolsum
289 669 378 728 remis
398 668 560 746 rostrisque
580 667 755 728 tridentibus
778 686 896 747 aequor.

99 768 158 815 uon
179 760 239 812 tam
261 753 437 829 praecipites
454 750 554 829 biiugo
576 751 734 811 certamine
757 769 893 829 campum

99 835 270 912 corripuere
290 843 438 914 ruuntque
460 833 544 895 effusi
565 852 684 896 carcere
705 852 824 904 currus,
1067 850 1120 904 145

98 935 154 978 nec
176 920 219 978 sic
240 919 376 978 immissis
396 919 515 994 aurigae
536 918 675 978 undantia
695 917 758 980 lora

100 1018 275 1063 concussere
295 1002 371 1078 iugis
391 1003 535 1080 pronique
555 1003 587 1061 in
608 1000 732 1063 verbera
751 1003 889 1080 pendent.

101 1092 162 1144 turn
183 1083 288 1161 plausu
310 1085 487 1162 fremituque
508 1086 603 1145 virum
628 1085 790 1164 studiisque
809 1086 957 1146 faventum

100 1177 239 1228 consonat
261 1186 349 1229 omne
369 1186 490 1238 nemus,
514 1184 675 1245 vocemque
695 1167 808 1230 inclusa
829 1168 958 1230 volutant

98 1247 198 1322 htora,
219 1251 325 1328 pulsati
347 1250 435 1312 codes
457 1250 585 1312 clamore
602 1250 754 1312 resultant.
1063 1267 1117 1318 150

100 1335 200 1410 effugit
219 1344 285 1395 ante
307 1334 378 1395 alios
399 1336 560 1413 primisque
582 1333 705 1396 elabitur
725 1334 812 1396 undb

98 1416 215 1477 turbam
236 1419 312 1479 inter
331 1418 537 1497 fremitumque
559 1420 649 1496 Gyas:
674 1435 762 1495 quem
784 1417 889 1479 demde
911 1417 1071 1481 Cloanthus

99 1503 300 1578 consequitur,
320 1502 424 1562 mehor
442 1503 546 1572 remis,
568 1502 620 1564 sed
641 1501 773 1580 pondere
793 1502 880 1580 pinus

97 1582 180 1643 tarda
201 1590 289 1644 tenet.
333 1594 400 1662 post
419 1586 473 1646 has
495 1603 589 1664 aequo
612 1584 778 1646 discrimine
798 1583 900 1644 Pristis

99 1664 317 1745 Centaurusque
334 1668 432 1728 locum
453 1667 577 1728 tendunt
598 1683 738 1744 superare
759 1667 904 1743 priorem;
1061 1682 1116 1734 155

98 1756 127 1808 et
146 1765 225 1809 nnnc
248 1749 349 1810 Pristis
371 1750 473 1819 hahet,
496 1767 577 1810 nunc
598 1751 703 1810 rictam
723 1751 864 1826 praeterit
885 1751 987 1825 higens

98 1830 275 1903 Centaurus,
298 1851 378 1894 nunc
399 1851 457 1893 una
476 1831 579 1893 ambae
599 1833 762 1909 iunctisque
784 1829 918 1892 seruntur

96 1914 243 1976 frontibus
263 1923 292 1976 et
309 1914 396 1993 longa
418 1915 532 1977 sulcant
552 1915 624 1976 rada
646 1913 720 1974 salsa
740 1914 847 1974 carina.

96 1999 212 2077 iamque
234 1999 471 2078 propinquabant
489 1998 609 2076 scopulo
632 2006 796 2076 metamque
813 1997 967 2067 tenebant,

97 2099 165 2141 eum
185 2083 323 2160 princeps
344 2083 500 2161 medioque
522 2082 599 2162 Gyas
620 2085 650 2143 in
672 2082 787 2160 gurgite
808 2082 900 2142 victor

96 2170 241 2225 rectorem
262 2167 341 2225 naris
364 2165 520 2244 compellat
539 2184 610 2228 voee
630 2165 799 2227 Menoeten:

97 2256 171 2323 ‘quc
191 2254 302 2308 tantum
321 2249 392 2310 mihi
413 2250 518 2312 dexter
539 2249 619 2310 abis?
639 2250 698 2311 huc
720 2247 818 2326 derige
839 2265 987 2324 gr·essun1;

95 2326 164 2389 litus
185 2347 249 2390 ama
273 2339 301 2390 et
321 2330 402 2394 laeva
424 2335 547 2411 stringat
567 2334 630 2394 sine
651 2330 778 2411 palmula
800 2339 912 2398 cautes;

96 2408 186 2471 altum
208 2412 255 2472 alii
277 2415 417 2476 teneant'.
461 2416 545 2489 dixit,
565 2416 617 2476 sed
637 2433 724 2476 caeca
743 2413 891 2474 Menoetes

96 2511 164 2554 saxa
185 2497 290 2558 timens
311 2516 431 2576 proram
452 2498 548 2577 pelagi
569 2499 724 2575 detorquet
743 2495 780 2556 ad
800 2495 901 2557 undas.

96 2587 169 2655 ‘quo
191 2579 321 2640 diversus
340 2580 433 2642 ebisi'
455 2583 562 2642 iterum
586 2589 668 2658 ‘pete
688 2596 772 2648 saxa,
794 2576 954 2638 blenoete!'

64 2717 67 2723 .
95 2677 162 2720 cum
184 2660 312 2723 elamore
334 2664 409 2742 Gyas
430 2662 600 2724 revocabat:
625 2670 654 2722 et
673 2679 742 2723 ecce
763 2659 935 2720 Cloanthum

94 2745 211 2821 respicit
233 2747 388 2807 instantem
408 2754 492 2824 tergo
508 2751 537 2806 et
556 2747 695 2824 propiora
714 2751 871 2804 tenentem.

94 2825 142 2886 ille
164 2828 241 2887 inter
261 2845 423 2906 navemque
445 2829 523 2908 Gyae
545 2828 739 2908 scopulosque
761 2828 890 2888 sonantis

93 2909 169 2970 radit
190 2911 246 2970 iter
266 2909 378 2971 laevom
400 2913 521 2973 interior
542 2913 697 2992 subitoque
716 2914 844 2990 priorem

93 2996 233 3069 praeterit
256 3003 284 3054 et
302 2995 387 3055 metis
406 3002 485 3058 tenet
508 3015 635 3076 aequora
656 3005 718 3058 tuta
739 2995 855 3056 rehctis.

92 3084 155 3135 tum
176 3094 245 3137 vero
265 3079 372 3137 exarsit
388 3080 485 3141 iuveni
504 3080 589 3142 dolor
609 3081 723 3142 ossibus
745 3081 849 3157 ingens

92 3175 148 3218 nec
166 3157 295 3221 lacrimis
315 3179 438 3225 caruere
455 3181 562 3242 genae,
585 3181 763 3243 segnemque
785 3161 937 3222 blenocten

93 3239 201 3302 chhtus
223 3243 394 3323 decorisque
416 3248 461 3308 sui
482 3249 652 3324 sociumque
673 3245 774 3306 salutis

91 3325 122 3385 in
141 3343 223 3386 mare
244 3330 432 3407 praecipitem
453 3330 544 3407 puppi
565 3328 701 3390 deturbat
722 3326 758 3386 ab
780 3326 850 3386 alta:

91 3409 155 3487 ipse
176 3409 354 3488 gubernaclo
373 3422 473 3473 rector
492 3409 586 3480 subit,
610 3414 673 3488 ipse
694 3409 831 3487 magister

91 3490 284 3573 hortaturque
303 3497 380 3556 viros
400 3493 569 3571 elaromque
589 3496 624 3556 ad
646 3493 731 3554 litora
753 3499 876 3572 torquet.
