2512 4096
472 258 616 308 vultum
631 258 756 308 summu
771 258 826 307 1111

136 414 306 496 pectoribus
326 414 441 476 inhiurs
460 415 600 494 spirantia
622 412 748 475 consulit
768 423 842 475 exte.
949 472 952 479 .

136 501 194 561 heu
212 506 310 561 vatum
330 500 449 578 ignarae
474 499 600 560 mentes!
628 497 699 576 quid
720 503 787 559 rota
805 497 966 568 furentem,

136 582 206 662 quid
228 581 349 644 delubra
370 583 484 643 iuranti
509 589 553 644 est
573 579 668 642 mollis
686 580 803 643 flemma
824 579 966 644 medullas

134 669 261 736 interea,
284 674 312 727 et
333 669 454 737 tacitum
474 667 542 732 vivit
562 664 617 726 sub
638 672 759 743 pectore
780 664 892 727 volnus.

134 753 230 812 uritur
250 748 350 811 infelix
371 749 445 811 bido
464 756 582 828 totaque
604 755 723 827 vogetm

134 833 209 896 urhe
230 834 331 896 furens
352 831 445 913 qualis
463 835 594 896 muruco
615 851 700 894 cerva
722 833 839 912 sagitta,

133 935 222 998 quam
242 917 347 996 procul
368 919 514 979 incautam
535 933 658 978 nemora
678 917 755 978 iuter
774 915 873 983 mesia
891 917 952 978 lixit

132 1009 232 1099 pastqr
254 1019 343 1079 agens
364 999 428 1063 telis
449 999 591 1080 liquitque
612 999 726 1062 uolatile
746 1001 858 1063 lerrum

132 1086 265 1155 nescius,
286 1083 335 1146 illa
357 1084 426 1162 iuga
446 1085 532 1146 silvas
552 1083 702 1162 uoltusque
744 1102 794 1146 era

132 1169 285 1267 Dictaeos
299 1167 402 1235 haeret
418 1167 503 1230 lateri
522 1167 616 1231 letelis
627 1092 861 1255 lraranffra

132 1269 211 1326 punc
231 1215 327 1313 media
346 1252 464 1313 Aenean
484 1268 584 1313 secum
606 1270 661 1331 per
681 1253 797 1313 moenia
809 1218 897 1313 ducit

131 1317 340 1433 Sidoniasque
345 1343 470 1396 ostentat
494 1353 565 1434 opes
585 1335 748 1414 urbemque
768 1344 914 1414 paratam,

130 1419 237 1497 incipit„
252 1420 334 1481 effari
351 1419 534 1498 mediaque
526 1436 557 1480 1n
578 1437 650 1481 voce
669 1420 850 1497 resistito*

129 1520 209 1564 nunc
233 1503 336 1566 eadem
356 1502 474 1564 labente
494 1503 541 1564 die
561 1504 692 1565 convivia
710 1504 850 1582 quaerit,

129 1585 290 1668 iliacosque
310 1588 417 1648 iterum
440 1587 560 1650 demens
580 1586 683 1648 audire
699 1585 817 1650 labores

130 1673 260 1749 exposcit
278 1671 446 1750 pendetque
467 1668 575 1733 iterum
596 1671 742 1733 narrantis
763 1670 800 1733 ab
819 1689 880 1732 ore.

128 1761 194 1834 post
214 1755 265 1816 ubi
287 1755 425 1834 digressi,
447 1754 607 1834 lumenque
629 1755 754 1817 obscure
771 1756 897 1816 vicissim

127 1836 196 1899 luna
218 1841 325 1918 premit
345 1839 528 1920 suadentque
550 1839 683 1901 cadentia
703 1840 801 1901 sidere
823 1856 957 1909 somnos,

127 1921 189 1982 sola
210 1922 297 1983 domo
316 1930 429 1984 maeret
449 1941 554 1991 meua,
576 1925 733 2002 stratisque
753 1921 863 1983 relictis
957 1962 961 1970 ›

128 2005 247 2066 incubat
269 2005 360 2084 (illum
380 2005 486 2067 absens
508 2005 659 2067 absentem
681 2005 819 2103 auditque
841 2005 985 2085 ridetque)

129 2094 178 2146 aut
199 2090 314 2165 gremio
335 2089 505 2157 Ascanium,
526 2090 667 2165 gemtoris
686 2089 812 2166 imagine
834 2095 931 2164 eapte,

127 2170 251 2242 detinet,
274 2171 445 2233 irrlandum
433 2173 473 2230 si
488 2171 590 2232 fallere
612 2171 704 2248 possit
724 2189 865 2231 amorem.
915 2223 919 2235 .

127 2271 186 2314 non
206 2261 328 2334 coeptae
349 2254 510 2332 adstuguut
531 2261 643 2327 turres,
662 2270 723 2314 uon
745 2272 826 2315 arma
846 2256 980 2317 iuventus

127 2345 244 2400 exercet
265 2344 404 2416 portusve
421 2343 472 2399 aut
490 2337 711 2416 propugnacula
731 2336 809 2399 bello
848 2388 851 2393 .

126 2428 188 2482 tuta
207 2429 326 2500 parant:
348 2420 478 2500 pendent
494 2438 584 2500 opera
605 2423 769 2500 mterrupu
788 2423 942 2500 minaeque
1006 2460 1014 2473 ι

125 2521 280 2566 murorum
298 2506 431 2584 ingentes
453 2512 634 2585 aequataque
656 2505 791 2568 maehina
815 2503 905 2568 eaelo.

168 2588 261 2661 Quam
284 2588 370 2658 simul
393 2607 428 2650 ao
448 2588 496 2649 tali
516 2592 663 2670 persensit
683 2597 766 2668 peste
783 2590 878 2652 teneri
1108 2602 1143 2656 90

126 2690 194 2733 cara
213 2673 287 2735 lovis
308 2675 452 2745 coniunx,
479 2688 536 2735 nec
553 2673 662 2736 lamam
682 2673 800 2737 obstare
822 2674 929 2742 lurori,

124 2755 229 2818 talibus
250 2757 420 2835 adgreditur
440 2756 585 2820 Venerem
604 2758 739 2827 Saturnis
759 2758 858 2822 dietis:

95 2908 97 2912 ,
125 2841 288 2918 ‘egregiam
305 2859 375 2902 vero
394 2839 511 2902 laudem
533 2849 561 2903 et
580 2841 673 2920 spolia
692 2841 788 2919 ampla
808 2842 925 2903 refertis

124 2929 213 3002 tuque
235 2940 369 3002 puerque
388 2931 471 2992 tuus;
493 2942 632 3002 magnum
652 2933 681 2986 et
700 2925 891 2986 memorabile
911 2943 1037 2994 nomen,

1159 2242 1223 2287 Μ.-

124 3022 182 3066 una
203 3003 270 3066 dolo
292 3005 435 3067 divomsi
456 3008 563 3068 femina
582 3009 657 3069 vieta
677 3008 805 3068 duorum
827 3016 879 3070 est.
1107 3021 1141 3075 9⁵
1242 3016 1247 3025 '

123 3105 246 3151 neema
267 3089 339 3150 adeo
362 3089 434 3150 fallit
456 3092 577 3151 veritam
599 3098 627 3152 te
647 3091 763 3153 moenia
778 3099 880 3152 nostra

122 3180 272 3250 suspectas
293 3173 430 3235 habuisse
452 3173 556 3235 domos
576 3173 757 3252 Carthaginis
778 3173 862 3236 eltae.
880 3198 923 3245 >a

122 3254 174 3315 s'ed
191 3258 257 3335 quis
278 3258 334 3319 erit
353 3258 472 3329 modus,
492 3265 542 3319 aut
563 3276 622 3337 quo
643 3274 723 3319 nuuc
740 3260 898 3320 certamine
916 3261 1013 3322 tento?

122 3340 193 3417 quin
215 3341 310 3416 potius
332 3358 435 3419 pacem
457 3351 607 3404 aeternam
627 3351 788 3423 pactosque
806 3343 982 3422 hymenaeos

121 3423 312 3483 exercemusi
333 3423 439 3495 babes,
462 3433 522 3486 tota
544 3427 622 3505 quod
643 3437 742 3489 mente
763 3428 875 3507 petisti:
1091 3438 1141 3490 luo

121 3506 205 3567 ardet
224 3522 324 3566 amans
345 3505 419 3567 Dido
440 3511 585 3589 traxitque
606 3528 661 3589 per
684 3527 750 3571 ossa
770 3511 849 3571 fruor
857 3529 912 3572 eru
