<?xml version="1.0" encoding="UTF-8"?>
<!DOCTYPE html PUBLIC "-//W3C//DTD XHTML 1.0 Transitional//EN"
    "http://www.w3.org/TR/xhtml1/DTD/xhtml1-transitional.dtd">
<html xmlns="http://www.w3.org/1999/xhtml" xml:lang="en" lang="en">
 <head>
  <title>
</title>
<meta http-equiv="Content-Type" content="text/html;charset=utf-8" />
  <meta name='ocr-system' content='tesseract 3.04.00' />
  <meta name='ocr-capabilities' content='ocr_page ocr_carea ocr_par ocr_line ocrx_word'/>
</head>
<body>
  <div class='ocr_page' id='page_1' title='image "./pvergilimaronis12virggoog/pvergilimaronis12virggoog_0207.png"; bbox 0 0 2512 4096; ppageno 0'>
   <div class='ocr_carea' id='block_1_1' title="bbox 118 497 1135 3490">
    <p class='ocr_par' dir='ltr' id='par_1_1' title="bbox 129 497 915 661">
     <span class='ocr_line' id='line_1_1' title="bbox 129 497 915 578; baseline -0.005 -16"><span class='ocrx_word' id='word_1_1' title='bbox 129 501 190 569; x_wconf 88' lang='lat' dir='ltr'><strong>bic,</strong></span> <span class='ocrx_word' id='word_1_2' title='bbox 215 501 264 578; x_wconf 90' lang='lat' dir='ltr'><strong>qui</strong></span> <span class='ocrx_word' id='word_1_3' title='bbox 285 499 360 559; x_wconf 89' lang='lat' dir='ltr'><strong>lorte</strong></span> <span class='ocrx_word' id='word_1_4' title='bbox 382 497 469 560; x_wconf 83' lang='lat' dir='ltr'><strong>velint</strong></span> <span class='ocrx_word' id='word_1_5' title='bbox 490 498 591 575; x_wconf 87' lang='lat' dir='ltr'><strong>rapido</strong></span> <span class='ocrx_word' id='word_1_6' title='bbox 615 497 792 559; x_wconf 89' lang='lat' dir='ltr'><strong>contendere</strong></span> <span class='ocrx_word' id='word_1_7' title='bbox 812 515 915 567; x_wconf 88' lang='lat' dir='ltr'><strong>cursu,</strong></span> 
     </span>
     <span class='ocr_line' id='line_1_2' title="bbox 129 582 803 661; baseline -0.007 -16"><span class='ocrx_word' id='word_1_8' title='bbox 129 585 228 645; x_wconf 87' lang='lat' dir='ltr'><strong>invitat</strong></span> <span class='ocrx_word' id='word_1_9' title='bbox 248 583 350 661; x_wconf 89' lang='lat' dir='ltr'><strong>pretiis</strong></span> <span class='ocrx_word' id='word_1_10' title='bbox 371 584 497 652; x_wconf 86' lang='lat' dir='ltr'><strong>animos,</strong></span> <span class='ocrx_word' id='word_1_11' title='bbox 519 588 548 643; x_wconf 89' lang='lat' dir='ltr'><strong>et</strong></span> <span class='ocrx_word' id='word_1_12' title='bbox 564 582 693 660; x_wconf 90' lang='lat' dir='ltr'><strong>praemia</strong></span> <span class='ocrx_word' id='word_1_13' title='bbox 714 582 803 658; x_wconf 87' lang='lat' dir='ltr'><strong>ponit.</strong></span> 
     </span>
    </p>

    <p class='ocr_par' dir='ltr' id='par_1_2' title="bbox 129 663 873 745">
     <span class='ocr_line' id='line_1_3' title="bbox 129 663 873 745; baseline -0.004 -18"><span class='ocrx_word' id='word_1_14' title='bbox 129 666 257 745; x_wconf 89' lang='lat' dir='ltr'><strong>undique</strong></span> <span class='ocrx_word' id='word_1_15' title='bbox 279 667 454 727; x_wconf 71' lang='lat' dir='ltr'><strong>conveniunt</strong></span> <span class='ocrx_word' id='word_1_16' title='bbox 473 663 582 726; x_wconf 80' lang='lat' dir='ltr'><strong>Teucri</strong></span> <span class='ocrx_word' id='word_1_17' title='bbox 601 665 740 742; x_wconf 81' lang='lat' dir='ltr'><strong>mixtique</strong></span> <span class='ocrx_word' id='word_1_18' title='bbox 763 664 873 733; x_wconf 86' lang='lat' dir='ltr'><strong>Sicani,</strong></span> 
     </span>
    </p>

    <p class='ocr_par' dir='ltr' id='par_1_3' title="bbox 128 748 545 828">
     <span class='ocr_line' id='line_1_4' title="bbox 128 748 545 828; baseline -0.01 -17"><span class='ocrx_word' id='word_1_19' title='bbox 128 749 214 811; x_wconf 87' lang='lat' dir='ltr'><strong>Nisus</strong></span> <span class='ocrx_word' id='word_1_20' title='bbox 236 757 264 810; x_wconf 95' lang='lat' dir='ltr'><strong>et</strong></span> <span class='ocrx_word' id='word_1_21' title='bbox 284 748 425 828; x_wconf 80' lang='lat' dir='ltr'>Euryalus</span> <span class='ocrx_word' id='word_1_22' title='bbox 443 749 545 828; x_wconf 87' lang='lat' dir='ltr'><strong>primi,</strong></span> 
     </span>
    </p>

    <p class='ocr_par' dir='ltr' id='par_1_4' title="bbox 128 831 838 912">
     <span class='ocr_line' id='line_1_5' title="bbox 128 831 838 912; baseline -0.006 -20"><span class='ocrx_word' id='word_1_23' title='bbox 128 831 270 912; x_wconf 78' lang='lat' dir='ltr'>Euryalus</span> <span class='ocrx_word' id='word_1_24' title='bbox 292 832 384 892; x_wconf 83' lang='lat' dir='ltr'><strong>torma</strong></span> <span class='ocrx_word' id='word_1_25' title='bbox 406 834 526 908; x_wconf 85' lang='lat' dir='ltr'><strong>insignis</strong></span> <span class='ocrx_word' id='word_1_26' title='bbox 548 831 690 906; x_wconf 86' lang='lat' dir='ltr'><strong>viridique</strong></span> <span class='ocrx_word' id='word_1_27' title='bbox 709 832 838 899; x_wconf 82' lang='lat' dir='ltr'><strong>iuventa,</strong></span> 
     </span>
    </p>

    <p class='ocr_par' dir='ltr' id='par_1_5' title="bbox 129 913 880 993">
     <span class='ocr_line' id='line_1_6' title="bbox 129 913 880 993; baseline -0.004 -17"><span class='ocrx_word' id='word_1_28' title='bbox 129 916 214 976; x_wconf 86' lang='lat' dir='ltr'><strong>Nisus</strong></span> <span class='ocrx_word' id='word_1_29' title='bbox 235 933 334 975; x_wconf 92' lang='lat' dir='ltr'><strong>amore</strong></span> <span class='ocrx_word' id='word_1_30' title='bbox 352 917 400 993; x_wconf 92' lang='lat' dir='ltr'><strong>pio</strong></span> <span class='ocrx_word' id='word_1_31' title='bbox 421 916 520 993; x_wconf 91' lang='lat' dir='ltr'><strong>pueri;</strong></span> <span class='ocrx_word' id='word_1_32' title='bbox 544 930 617 991; x_wconf 88' lang='lat' dir='ltr'><strong>quos</strong></span> <span class='ocrx_word' id='word_1_33' title='bbox 639 913 742 974; x_wconf 91' lang='lat' dir='ltr'><strong>deinde</strong></span> <span class='ocrx_word' id='word_1_34' title='bbox 763 920 880 974; x_wconf 89' lang='lat' dir='ltr'><strong>secutus</strong></span> 
     </span>
    </p>

    <p class='ocr_par' dir='ltr' id='par_1_6' title="bbox 127 996 797 1076">
     <span class='ocr_line' id='line_1_7' title="bbox 127 996 797 1076; baseline -0.003 -18"><span class='ocrx_word' id='word_1_35' title='bbox 127 1001 225 1075; x_wconf 83' lang='lat' dir='ltr'><strong>regius</strong></span> <span class='ocrx_word' id='word_1_36' title='bbox 248 999 363 1076; x_wconf 79' lang='lat' dir='ltr'><strong>egregia</strong></span> <span class='ocrx_word' id='word_1_37' title='bbox 382 999 489 1058; x_wconf 83' lang='lat' dir='ltr'><strong>Priami</strong></span> <span class='ocrx_word' id='word_1_38' title='bbox 511 997 547 1058; x_wconf 90' lang='lat' dir='ltr'><strong>de</strong></span> <span class='ocrx_word' id='word_1_39' title='bbox 568 998 658 1074; x_wconf 88' lang='lat' dir='ltr'><strong>stirpe</strong></span> <span class='ocrx_word' id='word_1_40' title='bbox 679 996 797 1065; x_wconf 87' lang='lat' dir='ltr'><strong>Diores;</strong></span> 
     </span>
    </p>

    <p class='ocr_par' dir='ltr' id='par_1_7' title="bbox 127 1078 1024 1242">
     <span class='ocr_line' id='line_1_8' title="bbox 128 1078 1024 1159; baseline 0.001 -17"><span class='ocrx_word' id='word_1_41' title='bbox 128 1082 207 1142; x_wconf 92' lang='lat' dir='ltr'><strong>bunc</strong></span> <span class='ocrx_word' id='word_1_42' title='bbox 225 1080 318 1142; x_wconf 88' lang='lat' dir='ltr'><strong>Salius</strong></span> <span class='ocrx_word' id='word_1_43' title='bbox 338 1080 424 1141; x_wconf 92' lang='lat' dir='ltr'><strong>simul</strong></span> <span class='ocrx_word' id='word_1_44' title='bbox 446 1088 475 1141; x_wconf 89' lang='lat' dir='ltr'><strong>et</strong></span> <span class='ocrx_word' id='word_1_45' title='bbox 493 1079 615 1149; x_wconf 87' lang='lat' dir='ltr'><strong>Patron,</strong></span> <span class='ocrx_word' id='word_1_46' title='bbox 634 1097 759 1159; x_wconf 88' lang='lat' dir='ltr'><strong>quorum</strong></span> <span class='ocrx_word' id='word_1_47' title='bbox 782 1078 854 1140; x_wconf 90' lang='lat' dir='ltr'><strong>alter</strong></span> <span class='ocrx_word' id='word_1_48' title='bbox 874 1082 1024 1153; x_wconf 78' lang='lat' dir='ltr'><strong>Acarnan,</strong></span> 
     </span>
     <span class='ocr_line' id='line_1_9' title="bbox 127 1163 858 1242; baseline -0.004 -17"><span class='ocrx_word' id='word_1_49' title='bbox 127 1164 200 1226; x_wconf 87' lang='lat' dir='ltr'><strong>alter</strong></span> <span class='ocrx_word' id='word_1_50' title='bbox 218 1165 254 1225; x_wconf 83' lang='lat' dir='ltr'><strong>ab</strong></span> <span class='ocrx_word' id='word_1_51' title='bbox 273 1165 397 1225; x_wconf 82' lang='lat' dir='ltr'><strong>Arcadio</strong></span> <span class='ocrx_word' id='word_1_52' title='bbox 419 1164 568 1242; x_wconf 80' lang='lat' dir='ltr'>Tegeaeae</span> <span class='ocrx_word' id='word_1_53' title='bbox 589 1164 729 1242; x_wconf 79' lang='lat' dir='ltr'><strong>sanguine</strong></span> <span class='ocrx_word' id='word_1_54' title='bbox 751 1163 858 1242; x_wconf 80' lang='lat' dir='ltr'><strong>gentis;</strong></span> 
     </span>
    </p>

    <p class='ocr_par' dir='ltr' id='par_1_8' title="bbox 126 1245 951 1401">
     <span class='ocr_line' id='line_1_10' title="bbox 126 1245 951 1325; baseline 0.001 -18"><span class='ocrx_word' id='word_1_55' title='bbox 126 1256 188 1310; x_wconf 91' lang='lat' dir='ltr'><strong>tum</strong></span> <span class='ocrx_word' id='word_1_56' title='bbox 207 1248 265 1309; x_wconf 90' lang='lat' dir='ltr'><strong>duo</strong></span> <span class='ocrx_word' id='word_1_57' title='bbox 287 1247 429 1309; x_wconf 76' lang='lat' dir='ltr'><strong>Trinacrii</strong></span> <span class='ocrx_word' id='word_1_58' title='bbox 451 1249 569 1309; x_wconf 89' lang='lat' dir='ltr'><strong>iuvenes</strong></span> <span class='ocrx_word' id='word_1_59' title='bbox 585 1245 724 1325; x_wconf 81' lang='lat' dir='ltr'><strong>Helymus</strong></span> <span class='ocrx_word' id='word_1_60' title='bbox 746 1248 951 1324; x_wconf 90' lang='lat' dir='ltr'><strong>Panopesque,</strong></span> 
     </span>
     <span class='ocr_line' id='line_1_11' title="bbox 128 1330 792 1401; baseline 0 -10"><span class='ocrx_word' id='word_1_61' title='bbox 128 1333 240 1391; x_wconf 88' lang='lat' dir='ltr'><strong>adsueti</strong></span> <span class='ocrx_word' id='word_1_62' title='bbox 260 1330 351 1401; x_wconf 80' lang='lat' dir='ltr'><strong>silvis,</strong></span> <span class='ocrx_word' id='word_1_63' title='bbox 372 1332 492 1392; x_wconf 88' lang='lat' dir='ltr'><strong>comites</strong></span> <span class='ocrx_word' id='word_1_64' title='bbox 513 1331 636 1391; x_wconf 88' lang='lat' dir='ltr'><strong>senioris</strong></span> <span class='ocrx_word' id='word_1_65' title='bbox 657 1331 792 1398; x_wconf 66' lang='lat' dir='ltr'><strong>Acestam</strong></span> 
     </span>
    </p>

    <p class='ocr_par' dir='ltr' id='par_1_9' title="bbox 125 1411 955 1806">
     <span class='ocr_line' id='line_1_12' title="bbox 126 1411 903 1493; baseline -0.003 -20"><span class='ocrx_word' id='word_1_66' title='bbox 126 1412 209 1474; x_wconf 88' lang='lat' dir='ltr'><strong>multi</strong></span> <span class='ocrx_word' id='word_1_67' title='bbox 230 1421 398 1492; x_wconf 86' lang='lat' dir='ltr'><strong>praeterea,</strong></span> <span class='ocrx_word' id='word_1_68' title='bbox 421 1430 494 1493; x_wconf 91' lang='lat' dir='ltr'><strong>quos</strong></span> <span class='ocrx_word' id='word_1_69' title='bbox 518 1412 593 1474; x_wconf 85' lang='lat' dir='ltr'><strong>lama</strong></span> <span class='ocrx_word' id='word_1_70' title='bbox 616 1412 742 1474; x_wconf 89' lang='lat' dir='ltr'><strong>obscura</strong></span> <span class='ocrx_word' id='word_1_71' title='bbox 762 1411 903 1472; x_wconf 85' lang='lat' dir='ltr'><strong>recondit.</strong></span> 
     </span>
     <span class='ocr_line' id='line_1_13' title="bbox 125 1495 879 1574; baseline -0.003 -17"><span class='ocrx_word' id='word_1_72' title='bbox 125 1499 238 1557; x_wconf 77' lang='lat' dir='ltr'><strong>Aeneas</strong></span> <span class='ocrx_word' id='word_1_73' title='bbox 261 1496 366 1574; x_wconf 91' lang='lat' dir='ltr'><strong>quibus</strong></span> <span class='ocrx_word' id='word_1_74' title='bbox 388 1497 418 1557; x_wconf 91' lang='lat' dir='ltr'><strong>in</strong></span> <span class='ocrx_word' id='word_1_75' title='bbox 438 1496 541 1558; x_wconf 89' lang='lat' dir='ltr'><strong>mediis</strong></span> <span class='ocrx_word' id='word_1_76' title='bbox 562 1498 604 1558; x_wconf 91' lang='lat' dir='ltr'><strong>sic</strong></span> <span class='ocrx_word' id='word_1_77' title='bbox 625 1496 730 1558; x_wconf 91' lang='lat' dir='ltr'><strong>deinde</strong></span> <span class='ocrx_word' id='word_1_78' title='bbox 750 1495 879 1557; x_wconf 86' lang='lat' dir='ltr'><strong>locutus:</strong></span> 
     </span>
     <span class='ocr_line' id='line_1_14' title="bbox 127 1578 955 1658; baseline -0.001 -18"><span class='ocrx_word' id='word_1_79' title='bbox 127 1580 263 1657; x_wconf 85' lang='lat' dir='ltr'><strong>‘accipite</strong></span> <span class='ocrx_word' id='word_1_80' title='bbox 284 1579 357 1640; x_wconf 90' lang='lat' dir='ltr'><strong>baec</strong></span> <span class='ocrx_word' id='word_1_81' title='bbox 377 1581 481 1640; x_wconf 91' lang='lat' dir='ltr'><strong>animis</strong></span> <span class='ocrx_word' id='word_1_82' title='bbox 502 1578 650 1658; x_wconf 83' lang='lat' dir='ltr'><strong>laetasque</strong></span> <span class='ocrx_word' id='word_1_83' title='bbox 672 1578 813 1640; x_wconf 85' lang='lat' dir='ltr'><strong>advertite</strong></span> <span class='ocrx_word' id='word_1_84' title='bbox 833 1586 955 1641; x_wconf 85' lang='lat' dir='ltr'><strong>mentes.</strong></span> 
     </span>
     <span class='ocr_line' id='line_1_15' title="bbox 125 1659 922 1727; baseline -0.003 -4"><span class='ocrx_word' id='word_1_85' title='bbox 125 1680 212 1723; x_wconf 91' lang='lat' dir='ltr'><strong>nemo</strong></span> <span class='ocrx_word' id='word_1_86' title='bbox 235 1681 271 1723; x_wconf 85' lang='lat' dir='ltr'><strong>ex</strong></span> <span class='ocrx_word' id='word_1_87' title='bbox 289 1662 345 1727; x_wconf 91' lang='lat' dir='ltr'><strong>hoc</strong></span> <span class='ocrx_word' id='word_1_88' title='bbox 361 1679 485 1723; x_wconf 89' lang='lat' dir='ltr'><strong>numero</strong></span> <span class='ocrx_word' id='word_1_89' title='bbox 507 1662 578 1723; x_wconf 89' lang='lat' dir='ltr'><strong>mibi</strong></span> <span class='ocrx_word' id='word_1_90' title='bbox 598 1679 658 1722; x_wconf 90' lang='lat' dir='ltr'><strong>non</strong></span> <span class='ocrx_word' id='word_1_91' title='bbox 679 1661 802 1721; x_wconf 88' lang='lat' dir='ltr'><strong>donatus</strong></span> <span class='ocrx_word' id='word_1_92' title='bbox 824 1659 922 1721; x_wconf 89' lang='lat' dir='ltr'><strong>abibit.</strong></span> 
     </span>
     <span class='ocr_line' id='line_1_16' title="bbox 126 1742 746 1806; baseline -0.005 0"><span class='ocrx_word' id='word_1_93' title='bbox 126 1746 229 1806; x_wconf 86' lang='lat' dir='ltr'><strong>Cnosia</strong></span> <span class='ocrx_word' id='word_1_94' title='bbox 251 1746 318 1806; x_wconf 92' lang='lat' dir='ltr'><strong>bina</strong></span> <span class='ocrx_word' id='word_1_95' title='bbox 341 1742 416 1806; x_wconf 92' lang='lat' dir='ltr'><strong>dabo</strong></span> <span class='ocrx_word' id='word_1_96' title='bbox 438 1743 531 1804; x_wconf 87' lang='lat' dir='ltr'><strong>levato</strong></span> <span class='ocrx_word' id='word_1_97' title='bbox 552 1742 647 1805; x_wconf 89' lang='lat' dir='ltr'><strong>lucida</strong></span> <span class='ocrx_word' id='word_1_98' title='bbox 667 1744 746 1804; x_wconf 83' lang='lat' dir='ltr'><strong>ferro</strong></span> 
     </span>
    </p>

    <p class='ocr_par' dir='ltr' id='par_1_10' title="bbox 125 1826 987 2074">
     <span class='ocr_line' id='line_1_17' title="bbox 126 1826 891 1907; baseline 0 -19"><span class='ocrx_word' id='word_1_99' title='bbox 126 1827 235 1906; x_wconf 88' lang='lat' dir='ltr'><strong>spicula</strong></span> <span class='ocrx_word' id='word_1_100' title='bbox 258 1828 456 1907; x_wconf 90' lang='lat' dir='ltr'><strong>caelatamque</strong></span> <span class='ocrx_word' id='word_1_101' title='bbox 479 1834 600 1906; x_wconf 80' lang='lat' dir='ltr'><strong>argento</strong></span> <span class='ocrx_word' id='word_1_102' title='bbox 624 1826 702 1887; x_wconf 82' lang='lat' dir='ltr'><strong>terre</strong></span> <span class='ocrx_word' id='word_1_103' title='bbox 720 1827 891 1905; x_wconf 87' lang='lat' dir='ltr'><strong>bipennem:</strong></span> 
     </span>
     <span class='ocr_line' id='line_1_18' title="bbox 125 1911 987 1989; baseline 0.001 -17"><span class='ocrx_word' id='word_1_104' title='bbox 125 1911 260 1973; x_wconf 89' lang='lat' dir='ltr'><strong>omnibus</strong></span> <span class='ocrx_word' id='word_1_105' title='bbox 281 1912 329 1972; x_wconf 91' lang='lat' dir='ltr'><strong>hic</strong></span> <span class='ocrx_word' id='word_1_106' title='bbox 351 1912 406 1972; x_wconf 87' lang='lat' dir='ltr'><strong>erit</strong></span> <span class='ocrx_word' id='word_1_107' title='bbox 425 1928 500 1972; x_wconf 90' lang='lat' dir='ltr'><strong>unus</strong></span> <span class='ocrx_word' id='word_1_108' title='bbox 523 1911 626 1970; x_wconf 86' lang='lat' dir='ltr'><strong>honos.</strong></span> <span class='ocrx_word' id='word_1_109' title='bbox 669 1917 729 1971; x_wconf 89' lang='lat' dir='ltr'><strong>tres</strong></span> <span class='ocrx_word' id='word_1_110' title='bbox 751 1913 880 1989; x_wconf 88' lang='lat' dir='ltr'><strong>praemia</strong></span> <span class='ocrx_word' id='word_1_111' title='bbox 901 1913 987 1989; x_wconf 91' lang='lat' dir='ltr'><strong>primi</strong></span> 
     </span>
     <span class='ocr_line' id='line_1_19' title="bbox 125 1993 808 2074; baseline -0.003 -18"><span class='ocrx_word' id='word_1_112' title='bbox 125 1997 268 2074; x_wconf 78' lang='lat' dir='ltr'><strong>accipient</strong></span> <span class='ocrx_word' id='word_1_113' title='bbox 287 1995 419 2072; x_wconf 83' lang='lat' dir='ltr'><strong>flavaque</strong></span> <span class='ocrx_word' id='word_1_114' title='bbox 441 2001 529 2074; x_wconf 91' lang='lat' dir='ltr'><strong>caput</strong></span> <span class='ocrx_word' id='word_1_115' title='bbox 551 1999 706 2055; x_wconf 78' lang='lat' dir='ltr'><strong>nectentur</strong></span> <span class='ocrx_word' id='word_1_116' title='bbox 727 1993 808 2054; x_wconf 86' lang='lat' dir='ltr'><strong>oliva.</strong></span> 
     </span>
    </p>

    <p class='ocr_par' dir='ltr' id='par_1_11' title="bbox 124 2075 912 2156">
     <span class='ocr_line' id='line_1_20' title="bbox 124 2075 912 2156; baseline 0 -18"><span class='ocrx_word' id='word_1_117' title='bbox 124 2079 236 2156; x_wconf 91' lang='lat' dir='ltr'><strong>primus</strong></span> <span class='ocrx_word' id='word_1_118' title='bbox 259 2097 342 2141; x_wconf 91' lang='lat' dir='ltr'><strong>ecum</strong></span> <span class='ocrx_word' id='word_1_119' title='bbox 364 2075 492 2156; x_wconf 83' lang='lat' dir='ltr'><strong>phaleris</strong></span> <span class='ocrx_word' id='word_1_120' title='bbox 513 2078 657 2154; x_wconf 82' lang='lat' dir='ltr'><strong>insignem</strong></span> <span class='ocrx_word' id='word_1_121' title='bbox 678 2079 769 2139; x_wconf 86' lang='lat' dir='ltr'><strong>vic‘tor</strong></span> <span class='ocrx_word' id='word_1_122' title='bbox 790 2077 912 2146; x_wconf 76' lang='lat' dir='ltr'><strong>habeto:</strong></span> 
     </span>
    </p>

    <p class='ocr_par' dir='ltr' id='par_1_12' title="bbox 123 2160 917 2409">
     <span class='ocr_line' id='line_1_21' title="bbox 125 2160 917 2240; baseline -0.003 -18"><span class='ocrx_word' id='word_1_123' title='bbox 125 2161 197 2222; x_wconf 91' lang='lat' dir='ltr'><strong>alter</strong></span> <span class='ocrx_word' id='word_1_124' title='bbox 217 2162 403 2222; x_wconf 76' lang='lat' dir='ltr'><strong>Amazoniam</strong></span> <span class='ocrx_word' id='word_1_125' title='bbox 421 2161 590 2239; x_wconf 87' lang='lat' dir='ltr'><strong>pharetram</strong></span> <span class='ocrx_word' id='word_1_126' title='bbox 611 2160 787 2239; x_wconf 89' lang='lat' dir='ltr'><strong>plenamque</strong></span> <span class='ocrx_word' id='word_1_127' title='bbox 809 2163 917 2240; x_wconf 77' lang='lat' dir='ltr'><strong>sagittis</strong></span> 
     </span>
     <span class='ocr_line' id='line_1_22' title="bbox 124 2243 903 2324; baseline -0.001 -20"><span class='ocrx_word' id='word_1_128' title='bbox 124 2243 297 2323; x_wconf 70' lang='lat' dir='ltr'><strong>Thraeicii,</strong></span> <span class='ocrx_word' id='word_1_129' title='bbox 306 2244 364 2305; x_wconf 90' lang='lat' dir='ltr'><strong>lato</strong></span> <span class='ocrx_word' id='word_1_130' title='bbox 385 2262 472 2323; x_wconf 92' lang='lat' dir='ltr'><strong>quam</strong></span> <span class='ocrx_word' id='word_1_131' title='bbox 497 2247 607 2306; x_wconf 89' lang='lat' dir='ltr'><strong>circum</strong></span> <span class='ocrx_word' id='word_1_132' title='bbox 629 2244 812 2324; x_wconf 83' lang='lat' dir='ltr'><strong>amplectitur</strong></span> <span class='ocrx_word' id='word_1_133' title='bbox 832 2262 903 2304; x_wconf 91' lang='lat' dir='ltr'><strong>auro</strong></span> 
     </span>
     <span class='ocr_line' id='line_1_23' title="bbox 123 2325 821 2409; baseline 0.003 -23"><span class='ocrx_word' id='word_1_134' title='bbox 123 2325 237 2388; x_wconf 84' lang='lat' dir='ltr'><strong>balteus</strong></span> <span class='ocrx_word' id='word_1_135' title='bbox 258 2337 286 2389; x_wconf 90' lang='lat' dir='ltr'><strong>et</strong></span> <span class='ocrx_word' id='word_1_136' title='bbox 306 2328 392 2390; x_wconf 91' lang='lat' dir='ltr'><strong>tereti</strong></span> <span class='ocrx_word' id='word_1_137' title='bbox 414 2327 561 2389; x_wconf 88' lang='lat' dir='ltr'><strong>subnectit</strong></span> <span class='ocrx_word' id='word_1_138' title='bbox 581 2327 670 2389; x_wconf 87' lang='lat' dir='ltr'><strong>fibula</strong></span> <span class='ocrx_word' id='word_1_139' title='bbox 692 2346 821 2409; x_wconf 78' lang='lat' dir='ltr'><strong>gemma:</strong></span> 
     </span>
    </p>

    <p class='ocr_par' dir='ltr' id='par_1_13' title="bbox 122 2409 859 2490">
     <span class='ocr_line' id='line_1_24' title="bbox 122 2409 859 2490; baseline 0.004 -21"><span class='ocrx_word' id='word_1_140' title='bbox 122 2412 225 2470; x_wconf 87' lang='lat' dir='ltr'><strong>tertius</strong></span> <span class='ocrx_word' id='word_1_141' title='bbox 248 2409 382 2490; x_wconf 81' lang='lat' dir='ltr'><strong>Argolica</strong></span> <span class='ocrx_word' id='word_1_142' title='bbox 400 2411 456 2472; x_wconf 88' lang='lat' dir='ltr'><strong>bac</strong></span> <span class='ocrx_word' id='word_1_143' title='bbox 470 2411 559 2490; x_wconf 65' lang='lat' dir='ltr'><strong>palea</strong></span> <span class='ocrx_word' id='word_1_144' title='bbox 582 2419 737 2474; x_wconf 88' lang='lat' dir='ltr'><strong>contentus</strong></span> <span class='ocrx_word' id='word_1_145' title='bbox 757 2410 859 2473; x_wconf 86' lang='lat' dir='ltr'><strong>abito&#39;</strong></span> 
     </span>
    </p>

    <p class='ocr_par' dir='ltr' id='par_1_14' title="bbox 123 2492 932 2658">
     <span class='ocr_line' id='line_1_25' title="bbox 123 2492 932 2575; baseline 0.004 -23"><span class='ocrx_word' id='word_1_146' title='bbox 123 2492 196 2553; x_wconf 90' lang='lat' dir='ltr'><strong>haec</strong></span> <span class='ocrx_word' id='word_1_147' title='bbox 214 2493 264 2553; x_wconf 92' lang='lat' dir='ltr'><strong>ubi</strong></span> <span class='ocrx_word' id='word_1_148' title='bbox 284 2495 375 2563; x_wconf 88' lang='lat' dir='ltr'><strong>dicta,</strong></span> <span class='ocrx_word' id='word_1_149' title='bbox 397 2492 494 2555; x_wconf 93' lang='lat' dir='ltr'><strong>locum</strong></span> <span class='ocrx_word' id='word_1_150' title='bbox 515 2497 632 2575; x_wconf 87' lang='lat' dir='ltr'><strong>capiunt</strong></span> <span class='ocrx_word' id='word_1_151' title='bbox 652 2497 794 2575; x_wconf 78' lang='lat' dir='ltr'><strong>signoque</strong></span> <span class='ocrx_word' id='word_1_152' title='bbox 811 2502 932 2573; x_wconf 91' lang='lat' dir='ltr'><strong>repente</strong></span> 
     </span>
     <span class='ocr_line' id='line_1_26' title="bbox 123 2577 858 2658; baseline 0.004 -24"><span class='ocrx_word' id='word_1_153' title='bbox 123 2577 284 2655; x_wconf 90' lang='lat' dir='ltr'><strong>corripiunt</strong></span> <span class='ocrx_word' id='word_1_154' title='bbox 303 2578 394 2654; x_wconf 92' lang='lat' dir='ltr'><strong>spatia</strong></span> <span class='ocrx_word' id='word_1_155' title='bbox 415 2578 512 2638; x_wconf 92' lang='lat' dir='ltr'><strong>audito</strong></span> <span class='ocrx_word' id='word_1_156' title='bbox 533 2577 680 2658; x_wconf 90' lang='lat' dir='ltr'><strong>limenque</strong></span> <span class='ocrx_word' id='word_1_157' title='bbox 700 2577 858 2648; x_wconf 89' lang='lat' dir='ltr'><strong>relincunt,</strong></span> 
     </span>
    </p>

    <p class='ocr_par' dir='ltr' id='par_1_15' title="bbox 122 2658 846 2740">
     <span class='ocr_line' id='line_1_27' title="bbox 122 2658 846 2740; baseline 0.003 -20"><span class='ocrx_word' id='word_1_158' title='bbox 122 2659 206 2720; x_wconf 80' lang='lat' dir='ltr'><strong>effusi</strong></span> <span class='ocrx_word' id='word_1_159' title='bbox 227 2658 327 2719; x_wconf 91' lang='lat' dir='ltr'><strong>nimbo</strong></span> <span class='ocrx_word' id='word_1_160' title='bbox 349 2659 472 2730; x_wconf 90' lang='lat' dir='ltr'><strong>similes;</strong></span> <span class='ocrx_word' id='word_1_161' title='bbox 495 2660 581 2723; x_wconf 88' lang='lat' dir='ltr'><strong>simul</strong></span> <span class='ocrx_word' id='word_1_162' title='bbox 602 2663 701 2724; x_wconf 75' lang='lat' dir='ltr'><strong>ulbma</strong></span> <span class='ocrx_word' id='word_1_163' title='bbox 723 2663 846 2740; x_wconf 76' lang='lat' dir='ltr'><strong>signant.</strong></span> 
     </span>
    </p>

    <p class='ocr_par' dir='ltr' id='par_1_16' title="bbox 121 2740 940 2898">
     <span class='ocr_line' id='line_1_28' title="bbox 121 2740 940 2823; baseline 0.005 -23"><span class='ocrx_word' id='word_1_164' title='bbox 121 2743 233 2818; x_wconf 92' lang='lat' dir='ltr'><strong>primus</strong></span> <span class='ocrx_word' id='word_1_165' title='bbox 254 2742 314 2803; x_wconf 88' lang='lat' dir='ltr'><strong>abit</strong></span> <span class='ocrx_word' id='word_1_166' title='bbox 335 2740 481 2822; x_wconf 81' lang='lat' dir='ltr'><strong>longeque</strong></span> <span class='ocrx_word' id='word_1_167' title='bbox 500 2752 567 2807; x_wconf 89' lang='lat' dir='ltr'><strong>ante</strong></span> <span class='ocrx_word' id='word_1_168' title='bbox 589 2746 686 2807; x_wconf 90' lang='lat' dir='ltr'><strong>omnia</strong></span> <span class='ocrx_word' id='word_1_169' title='bbox 708 2761 832 2823; x_wconf 87' lang='lat' dir='ltr'><strong>corpora</strong></span> <span class='ocrx_word' id='word_1_170' title='bbox 853 2744 940 2806; x_wconf 87' lang='lat' dir='ltr'><strong>Nisus</strong></span> 
     </span>
     <span class='ocr_line' id='line_1_29' title="bbox 122 2824 787 2898; baseline 0.012 -15"><span class='ocrx_word' id='word_1_171' title='bbox 122 2824 239 2893; x_wconf 88' lang='lat' dir='ltr'><strong>emicat,</strong></span> <span class='ocrx_word' id='word_1_172' title='bbox 263 2831 291 2885; x_wconf 92' lang='lat' dir='ltr'><strong>et</strong></span> <span class='ocrx_word' id='word_1_173' title='bbox 311 2827 403 2886; x_wconf 87' lang='lat' dir='ltr'><strong>ventis</strong></span> <span class='ocrx_word' id='word_1_174' title='bbox 425 2833 453 2888; x_wconf 88' lang='lat' dir='ltr'><strong>et</strong></span> <span class='ocrx_word' id='word_1_175' title='bbox 470 2827 598 2890; x_wconf 85' lang='lat' dir='ltr'><strong>fulminis</strong></span> <span class='ocrx_word' id='word_1_176' title='bbox 620 2830 700 2889; x_wconf 90' lang='lat' dir='ltr'><strong>ocior</strong></span> <span class='ocrx_word' id='word_1_177' title='bbox 719 2827 787 2898; x_wconf 87' lang='lat' dir='ltr'><strong>alis;</strong></span> 
     </span>
    </p>

    <p class='ocr_par' dir='ltr' id='par_1_17' title="bbox 120 2907 1135 3073">
     <span class='ocr_line' id='line_1_30' title="bbox 120 2907 1135 2991; baseline 0.011 -26"><span class='ocrx_word' id='word_1_178' title='bbox 120 2908 272 2983; x_wconf 86' lang='lat' dir='ltr'><strong>proximus</strong></span> <span class='ocrx_word' id='word_1_179' title='bbox 293 2907 377 2978; x_wconf 87' lang='lat' dir='ltr'><strong>huic,</strong></span> <span class='ocrx_word' id='word_1_180' title='bbox 398 2908 486 2987; x_wconf 85' lang='lat' dir='ltr'><strong>longo</strong></span> <span class='ocrx_word' id='word_1_181' title='bbox 505 2911 555 2973; x_wconf 89' lang='lat' dir='ltr'><strong>sed</strong></span> <span class='ocrx_word' id='word_1_182' title='bbox 571 2913 720 2991; x_wconf 85' lang='lat' dir='ltr'><strong>proximus</strong></span> <span class='ocrx_word' id='word_1_183' title='bbox 742 2910 909 2981; x_wconf 86' lang='lat' dir='ltr'><strong>intervallo,</strong></span> <span class='ocrx_word' id='word_1_184' title='bbox 1083 2924 1135 2976; x_wconf 65' lang='lat'><strong>3&#39;20</strong></span> 
     </span>
     <span class='ocr_line' id='line_1_31' title="bbox 120 2990 860 3073; baseline 0.008 -24"><span class='ocrx_word' id='word_1_185' title='bbox 120 2990 282 3068; x_wconf 87' lang='lat' dir='ltr'><strong>insequitur</strong></span> <span class='ocrx_word' id='word_1_186' title='bbox 303 2990 411 3062; x_wconf 88' lang='lat' dir='ltr'><strong>Salius;</strong></span> <span class='ocrx_word' id='word_1_187' title='bbox 434 2997 527 3072; x_wconf 92' lang='lat' dir='ltr'><strong>spatio</strong></span> <span class='ocrx_word' id='word_1_188' title='bbox 547 3005 613 3073; x_wconf 92' lang='lat' dir='ltr'><strong>post</strong></span> <span class='ocrx_word' id='word_1_189' title='bbox 632 2995 736 3056; x_wconf 89' lang='lat' dir='ltr'><strong>deinde</strong></span> <span class='ocrx_word' id='word_1_190' title='bbox 758 2995 860 3059; x_wconf 89' lang='lat' dir='ltr'><strong>relicto</strong></span> 
     </span>
    </p>

    <p class='ocr_par' dir='ltr' id='par_1_18' title="bbox 120 3073 403 3154">
     <span class='ocr_line' id='line_1_32' title="bbox 120 3073 403 3154; baseline 0.018 -24"><span class='ocrx_word' id='word_1_191' title='bbox 120 3074 223 3134; x_wconf 88' lang='lat' dir='ltr'><strong>tertius</strong></span> <span class='ocrx_word' id='word_1_192' title='bbox 246 3073 403 3154; x_wconf 62' lang='lat' dir='ltr'><strong>Euryalum</strong></span> 
     </span>
    </p>

    <p class='ocr_par' dir='ltr' id='par_1_19' title="bbox 118 3153 1131 3490">
     <span class='ocr_line' id='line_1_33' title="bbox 122 3153 1032 3241; baseline 0.01 -27"><span class='ocrx_word' id='word_1_193' title='bbox 122 3153 337 3235; x_wconf 78' lang='lat' dir='ltr'><strong>Euryalumque</strong></span> <span class='ocrx_word' id='word_1_194' title='bbox 358 3157 496 3238; x_wconf 80' lang='lat' dir='ltr'><strong>Helymus</strong></span> <span class='ocrx_word' id='word_1_195' title='bbox 517 3163 662 3240; x_wconf 89' lang='lat' dir='ltr'><strong>sequitur;</strong></span> <span class='ocrx_word' id='word_1_196' title='bbox 684 3180 742 3240; x_wconf 91' lang='lat' dir='ltr'><strong>quo</strong></span> <span class='ocrx_word' id='word_1_197' title='bbox 765 3163 869 3224; x_wconf 88' lang='lat' dir='ltr'><strong>deinde</strong></span> <span class='ocrx_word' id='word_1_198' title='bbox 894 3162 949 3223; x_wconf 91' lang='lat' dir='ltr'><strong>sub</strong></span> <span class='ocrx_word' id='word_1_199' title='bbox 970 3166 1032 3241; x_wconf 93' lang='lat' dir='ltr'><strong>ipso</strong></span> 
     </span>
     <span class='ocr_line' id='line_1_34' title="bbox 122 3238 895 3320; baseline 0.009 -22"><span class='ocrx_word' id='word_1_200' title='bbox 122 3255 191 3299; x_wconf 89' lang='lat' dir='ltr'><strong>ecce</strong></span> <span class='ocrx_word' id='word_1_201' title='bbox 210 3238 287 3300; x_wconf 88' lang='lat' dir='ltr'><strong>volat</strong></span> <span class='ocrx_word' id='word_1_202' title='bbox 307 3239 474 3320; x_wconf 88' lang='lat' dir='ltr'><strong>calcemque</strong></span> <span class='ocrx_word' id='word_1_203' title='bbox 495 3244 563 3303; x_wconf 85' lang='lat' dir='ltr'><strong>terit</strong></span> <span class='ocrx_word' id='word_1_204' title='bbox 583 3246 639 3304; x_wconf 90' lang='lat' dir='ltr'><strong>iam</strong></span> <span class='ocrx_word' id='word_1_205' title='bbox 661 3242 742 3304; x_wconf 78' lang='lat' dir='ltr'><strong>culce</strong></span> <span class='ocrx_word' id='word_1_206' title='bbox 761 3244 863 3305; x_wconf 89' lang='lat' dir='ltr'><strong>Diores</strong></span> <span class='ocrx_word' id='word_1_207' title='bbox 884 3249 895 3264; x_wconf 60' lang='lat'>‘</span> 
     </span>
     <span class='ocr_line' id='line_1_35' title="bbox 118 3321 1131 3405; baseline 0.013 -26"><span class='ocrx_word' id='word_1_208' title='bbox 118 3321 293 3384; x_wconf 87' lang='lat' dir='ltr'><strong>incumbens</strong></span> <span class='ocrx_word' id='word_1_209' title='bbox 308 3341 425 3394; x_wconf 85' lang='lat' dir='ltr'><strong>umero,</strong></span> <span class='ocrx_word' id='word_1_210' title='bbox 448 3334 540 3402; x_wconf 84' lang='lat' dir='ltr'><strong>spatia</strong></span> <span class='ocrx_word' id='word_1_211' title='bbox 563 3333 592 3385; x_wconf 92' lang='lat' dir='ltr'><strong>et</strong></span> <span class='ocrx_word' id='word_1_212' title='bbox 613 3328 638 3384; x_wconf 95' lang='lat' dir='ltr'><strong>si</strong></span> <span class='ocrx_word' id='word_1_213' title='bbox 656 3325 742 3404; x_wconf 92' lang='lat' dir='ltr'><strong>plura</strong></span> <span class='ocrx_word' id='word_1_214' title='bbox 764 3329 925 3405; x_wconf 86' lang='lat' dir='ltr'><strong>supersint,</strong></span> <span class='ocrx_word' id='word_1_215' title='bbox 1082 3339 1131 3394; x_wconf 65' lang='grc' dir='ltr'><strong>3·λὸ</strong></span> 
     </span>
     <span class='ocr_line' id='line_1_36' title="bbox 118 3405 908 3490; baseline 0.01 -27"><span class='ocrx_word' id='word_1_216' title='bbox 118 3412 247 3466; x_wconf 89' lang='lat' dir='ltr'><strong>transeat</strong></span> <span class='ocrx_word' id='word_1_217' title='bbox 267 3405 382 3484; x_wconf 88' lang='lat' dir='ltr'><strong>elapsus</strong></span> <span class='ocrx_word' id='word_1_218' title='bbox 403 3408 485 3485; x_wconf 88' lang='lat' dir='ltr'><strong>prior</strong></span> <span class='ocrx_word' id='word_1_219' title='bbox 506 3406 732 3486; x_wconf 82' lang='lat' dir='ltr'><strong>ambiguumque</strong></span> <span class='ocrx_word' id='word_1_220' title='bbox 755 3409 908 3490; x_wconf 86' lang='lat' dir='ltr'><strong>relinquat.</strong></span> 
     </span>
    </p>
   </div>
   <div class='ocr_carea' id='block_1_2' title="bbox 118 3486 918 3574">
    <p class='ocr_par' dir='ltr' id='par_1_20' title="bbox 118 3486 918 3574">
     <span class='ocr_line' id='line_1_37' title="bbox 118 3486 918 3574; baseline 0.018 -29"><span class='ocrx_word' id='word_1_221' title='bbox 118 3486 233 3567; x_wconf 90' lang='lat' dir='ltr'><strong>iamque</strong></span> <span class='ocrx_word' id='word_1_222' title='bbox 254 3491 315 3551; x_wconf 88' lang='lat' dir='ltr'><strong>iere</strong></span> <span class='ocrx_word' id='word_1_223' title='bbox 336 3491 428 3568; x_wconf 86' lang='lat' dir='ltr'><strong>spatio</strong></span> <span class='ocrx_word' id='word_1_224' title='bbox 450 3494 581 3550; x_wconf 83' lang='lat' dir='ltr'><strong>extremo</strong></span> <span class='ocrx_word' id='word_1_225' title='bbox 601 3490 729 3570; x_wconf 82' lang='lat' dir='ltr'><strong>fessique</strong></span> <span class='ocrx_word' id='word_1_226' title='bbox 750 3494 805 3555; x_wconf 93' lang='lat' dir='ltr'><strong>sub</strong></span> <span class='ocrx_word' id='word_1_227' title='bbox 825 3496 918 3574; x_wconf 83' lang='lat' dir='ltr'><strong>ipsam</strong></span> 
     </span>
    </p>
   </div>
   <div class='ocr_carea' id='block_1_3' title="bbox 0 0 1260 4096">
    <p class='ocr_par' dir='ltr' id='par_1_21' title="bbox 0 0 1260 4096">
     <span class='ocr_line' id='line_1_38' title="bbox 0 0 1260 4096; baseline 0 3"><span class='ocrx_word' id='word_1_228' title='bbox 0 0 1260 4096; x_wconf 95' lang='lat' dir='ltr'><strong> </strong></span> 
     </span>
    </p>
   </div>
  </div>
 </body>
</html>
