2512 4096
454 296 595 344 vuufflm
616 295 739 345 annuis
753 297 791 344 XI

128 449 206 530 qnod
226 449 313 510 vitam
334 466 434 509 moror
455 450 575 510 invisam
594 448 723 511 Pallante
743 459 906 530 perempto,

128 533 248 594 dextera
270 548 357 593 causa
378 537 462 602 tuast,
485 532 618 595 Turnum
640 540 787 611 gnatoque
806 536 939 612 patrique

127 633 217 694 quam
238 613 347 676 debere
366 614 453 677 rides.
487 617 598 678 meritis
618 623 701 677 vacat
721 616 770 677 hic
792 616 844 677 tibi
866 617 946 681 solus
1020 625 1028 636 ·

129 699 324 776 fortunaeque
343 698 435 759 locus.
469 716 529 759 uon
549 700 624 760 vitae
646 699 751 777 gaudia
768 718 877 778 quaero
1076 709 1124 761 180

127 783 192 861 (noc
213 780 276 860 fas),
298 780 350 843 sed
370 788 458 858 gnato
478 782 571 842 mauis
592 783 725 860 perferre
744 783 799 844 sub
821 782 914 844 imos.¹

85 873 87 878 '
167 864 281 927 bvuora
301 865 412 925 interea
433 864 547 926 miseris
568 865 741 927 mortalibus
761 866 866 927 Qam

125 945 269 1009 extulerat
288 945 395 1017 lucem,
416 947 548 1010 referens
569 966 659 1028 opera
678 956 766 1028 atque
782 948 917 1010 labores:
939 994 1008 1013 -...

126 1031 184 1091 iam
206 1035 289 1106 pater
311 1030 433 1100 Aeneas,
455 1030 514 1091 lem
532 1049 621 1093 curvo
644 1034 675 1092 in
693 1030 780 1093 litore
799 1031 936 1092 Tarchon

125 1113 304 1175 constituere
324 1130 420 1192 pyras.
453 1111 512 1173 bue
535 1131 660 1192 corpora
679 1116 803 1192 quisque
822 1131 943 1174 suorum
1080 1119 1127 1172 185

125 1212 209 1256 more
230 1192 324 1256 tulere
343 1202 468 1272 patrum,
492 1195 691 1273 subiectisque
711 1196 829 1274 ignibus
849 1197 919 1256 atris

126 1277 261 1339 conditur
282 1278 313 1337 in
336 1277 473 1338 tenebras
493 1276 584 1338 altum
605 1278 728 1355 caligine
749 1278 871 1340 caelum.

124 1367 170 1422 ter
194 1359 306 1422 circum
328 1376 468 1421 accensos
489 1360 575 1421 cincti
593 1361 772 1439 fulgentibus
794 1363 883 1422 armis

124 1444 284 1506 decurrere
303 1460 402 1522 rogos,
423 1449 470 1505 ter
490 1451 633 1505 maestum
652 1445 764 1506 funeris
781 1445 879 1523 ignem

124 1526 286 1590 lustravere
306 1528 337 1587 ln
359 1528 442 1606 equis
463 1525 646 1607 ululatusque
668 1545 721 1589 ore
743 1527 867 1597 dedere;

123 1609 438 1772 {litterile
451 1608 959 1774 ¹tii¹¹it12lteitttiilt

123 1776 171 1838 bic
191 1775 240 1838 alil
261 1775 353 1857 spella
376 1777 479 1840 occisis
501 1778 622 1858 derepta
641 1779 749 1840 Latinis

124 1861 273 1922 coniciunt
292 1861 362 1938 igni,
384 1859 482 1940 galeas
504 1878 647 1941 ensesque
668 1863 791 1924 decoros

123 1943 265 2023 frenaque
286 1943 482 2023 ferventisque
503 1952 597 2014 rotas;
620 1963 690 2025 pars
711 1962 833 2005 munera
856 1953 933 2011 nota,
1082 1940 1129 1995 19⁶

125 2026 257 2104 ipsorum
276 2024 385 2102 clipeos
408 2033 436 2087 et
455 2044 515 2087 non
537 2026 631 2089 felicia
652 2027 719 2088 tela.

123 2107 214 2168 mrrlta
235 2106 324 2168 boum
346 2109 425 2168 circa
442 2115 608 2170 mactantur
632 2128 757 2189 corpora
772 2109 867 2179 biorti,

123 2191 343 2269 saetigerosque
364 2207 432 2252 sues
453 2197 611 2269 raptasque
630 2210 665 2251 ex
687 2191 822 2252 omnibus
844 2192 922 2268 agris

123 2276 153 2335 in
175 2274 323 2334 flammam
341 2272 475 2351 iugulant
495 2272 634 2351 pecudes.
667 2279 729 2333 tum
748 2273 833 2335 litore
853 2280 915 2334 toto

122 2356 252 2419 ardentis
270 2362 403 2436 spectant
421 2357 517 2416 socios
539 2362 724 2433 semustaque
746 2362 864 2418 servant

123 2441 210 2502 busta
230 2456 327 2518 neque
348 2437 431 2500 avelli
490 2446 582 2508 esunt,
601 2456 660 2500 nox
681 2440 780 2501 umida
801 2439 895 2501 donee

122 2524 242 2585 invertit
263 2521 376 2584 caelum
398 2530 442 2584 ste
465 2523 472 2538 '
510 2521 680 2585 ardentibus
701 2529 811 2603 aptum.

166 2605 228 2668 Nec
248 2606 345 2667 minus
368 2614 397 2668 et
414 2606 516 2669 miseri
537 2607 652 2668 diversa
673 2608 705 2668 ln
725 2613 808 2685 parte
829 2605 924 2667 Latini

122 2696 292 2752 innumeras
313 2696 447 2752 suuxere
467 2707 563 2770 pyras,
585 2701 613 2752 et
630 2708 757 2770 corpora
776 2686 883 2769 partim

122 2772 213 2836 multa
236 2774 330 2835 virum
351 2780 448 2835 terrae
469 2773 615 2835 infodiunt
635 2779 793 2852 avectaque
818 2776 925 2853 partim
1079 2781 1130 2832 205

121 2857 260 2918 finitimos
282 2855 387 2916 tollunt
406 2857 436 2916 in
455 2872 542 2932 agros
565 2855 690 2934 urbique
710 2857 870 2925 remittunt,

122 2946 221 3001 cetera
242 2937 440 3016 confusaeque
461 2938 609 3014 ingentem
631 2939 729 3000 caedis
746 2955 881 3000 acervom

121 3038 179 3083 nec
198 3037 322 3082 numero
343 3036 398 3081 nec
420 3018 533 3079 bonore
552 3026 699 3081 cremant:
719 3026 791 3082 tunc
813 3018 941 3097 undique
962 3018 1035 3078 rasti

122 3105 257 3166 cermtim
279 3102 393 3165 crebris
415 3100 570 3164 conlucent
587 3101 703 3179 ignibus
723 3104 796 3182 agri.

121 3187 208 3248 tertia
224 3186 275 3247 lux
293 3185 420 3262 gelidam
441 3184 523 3247 caelo
545 3185 706 3248 dimoverat
726 3184 879 3248 umbram:
1078 3189 1129 3242 tio
1225 3226 1228 3230 A

122 3275 289 3331 maerentes
310 3267 401 3330 altum
424 3270 554 3330 cinerem
576 3277 606 3332 et
627 3270 748 3331 confusa
764 3268 892 3331 ruebant

122 3369 188 3415 osea
209 3352 283 3413 focis
302 3351 458 3432 tepidoque
480 3354 642 3415 onerabant
662 3369 771 3431 aggere
791 3358 898 3415 terrae.

121 3437 180 3498 iam
201 3435 323 3497 veroin
343 3436 436 3504 metis,
454 3435 624 3514 praedivitis
645 3436 720 3498 urbe
742 3435 848 3506 Latini,

122 3520 298 3599 praecipuus
316 3517 417 3595 fragor
435 3525 464 3578 et
484 3516 564 3595 longi
585 3536 654 3598 pars
674 3519 800 3580 maxima
820 3517 926 3581 luctus
