2512 4096
184 235 245 299 346
504 244 645 294 vnnnmr
666 243 789 292 onmis
811 243 863 291 xu

184 400 231 463 ille
252 409 284 463 ut
304 401 449 476 vestigans
471 398 584 477 diversa
605 415 658 476 per
680 399 795 474 agmina
816 398 948 458 'furnum
1057 476 1060 481 ,

183 485 242 546 buo
263 491 351 564 atque
371 483 430 543 buc
451 483 528 543 acies
550 479 735 549 circumtulit,
759 481 860 559 aspicit
880 479 982 541 urbem

183 570 343 628 immunem
364 567 435 626 tanti
457 563 525 625 belii
547 570 635 644 atque
653 565 773 642 impune
795 565 930 642 quietam.

183 651 321 711 continuo
339 666 454 728 pugnae
476 647 608 708 accendit
628 647 746 707 maioris
765 647 875 724 imago:

183 733 331 794 Mnesthea
354 733 582 809 Sergestumque
603 738 688 790 vocat
709 730 873 808 fortemque
896 731 1048 791 Serestum

184 816 321 877 ductores
343 814 547 892 tumulumque
570 815 654 890 capit,
677 830 735 890 quo
759 821 854 873 cetera
875 813 1021 874 Teucrum

183 901 333 960 concmrit
355 896 431 976 legio
451 914 505 958 nec
528 904 609 957 scuta
632 904 681 957 aut
703 896 814 974 spicula
836 896 918 958 densi

183 982 342 1060 deponunt.
374 979 451 1041 celso
471 980 584 1041 medius
605 987 685 1040 stans
705 996 814 1058 aggere
836 980 924 1040 fatur:

183 1074 294 1141 ‘nequa
314 1063 387 1125 meis
409 1072 470 1124 osto
493 1063 576 1130 dictis
595 1081 679 1123 mora
701 1063 838 1139 (luppiter
859 1063 915 1123 bac
934 1063 1010 1140 stat),

182 1165 240 1208 neu
262 1148 326 1225 quis
348 1145 386 1207 ob
407 1147 556 1224 inceptum
576 1145 706 1206 subitum
727 1146 800 1206 mibi
821 1147 938 1224 segnior
955 1145 1006 1205 ito.

183 1229 287 1291 urbem
306 1230 402 1299 hodie,
429 1246 546 1290 causam
566 1228 645 1300 bebi,
668 1246 759 1307 regna
780 1231 843 1308 ipsa
861 1228 964 1297 Latini,

184 1315 214 1373 ni
236 1314 352 1373 frenum
375 1313 509 1391 accipere
531 1318 560 1372 et
577 1313 644 1373 victi
665 1329 770 1390 parere
790 1312 925 1383 fatentur,

184 1413 285 1456 eruam
309 1403 339 1455 et
361 1413 453 1473 aequa
477 1393 539 1455 solo
561 1396 701 1456 fumantia
723 1395 848 1456 culmina
870 1412 986 1472 ponam.

182 1477 292 1538 scilicet
313 1485 473 1557 expectem,
496 1476 586 1539 libeat
605 1479 674 1540 dum
697 1476 808 1558 proelia
830 1478 930 1539 'furno

182 1570 281 1632 nestra
303 1562 362 1639 pati
383 1577 545 1638 rursusque
566 1559 635 1622 velit
656 1579 833 1622 concurrere
853 1561 963 1622 victusi

182 1643 239 1703 hoc
262 1651 357 1721 caput,
381 1644 502 1713 ocires,
524 1643 598 1704 haec
619 1643 688 1704 belli
708 1661 821 1704 summa
841 1643 973 1704 nefandi:

183 1726 258 1787 ferte
280 1726 359 1786 faces
377 1742 504 1804 propere
526 1725 686 1803 foedusque
704 1728 849 1804 reposcite
867 1727 1010 1787 flammis!

183 1809 303 1879 dixerat,
326 1817 413 1887 atque
435 1808 537 1869 animis
555 1810 665 1887 pariter
686 1809 866 1870 certantibus
884 1827 987 1870 omnes

182 1893 252 1952 dant
274 1909 397 1952 cuneum
420 1891 567 1969 densaque
587 1892 624 1952 ad
646 1908 747 1952 muros
766 1891 844 1954 molo
864 1892 1010 1954 feruntur.
1080 1936 1085 1945 .

182 1974 277 2037 scalae
298 1976 445 2053 inproviso
467 1974 639 2054 subitusque
660 1976 794 2053 apparuit
815 1977 899 2052 ignis.

183 2059 351 2120 discurrunt
371 2057 418 2119 alii
441 2057 595 2135 adportas
617 2059 786 2138 primosque
809 2059 964 2128 trucidant,

183 2142 294 2203 ferrum
317 2139 365 2202 alii
385 2147 525 2219 torquent
544 2148 573 2210 et
593 2140 770 2202 obumbrant
791 2142 910 2203 aethera
931 2139 1005 2202 telis.

182 2225 246 2305 ipse
264 2228 340 2286 inter
360 2226 472 2303 primos
495 2223 626 2285 dextram
647 2224 701 2286 sub
724 2225 839 2286 moenia
858 2224 951 2286 tendit

182 2309 294 2369 deneas
314 2325 479 2386 magnaque
497 2308 611 2368 incusat
631 2325 701 2368 voce
720 2308 854 2369 Latinum

181 2397 363 2470 testaturque
384 2390 464 2460 deos,
486 2390 593 2450 iterum
614 2408 647 2450 se
668 2391 704 2451 ad
725 2391 836 2470 proelia
858 2391 933 2468 cogi,

183 2472 227 2533 bie
249 2474 305 2533 iam
327 2472 414 2534 italos
435 2473 534 2542 bostis,
553 2473 626 2534 haec
646 2471 737 2534 altera
758 2473 876 2535 foedera
898 2475 1006 2551 rumpi.

184 2557 314 2616 exoritur
334 2557 464 2634 trepidos
484 2557 560 2616 inter
578 2555 723 2617 discordia
745 2556 830 2617 ciris:
928 2615 930 2619 ,

183 2637 286 2699 urbem
308 2637 355 2699 alii
372 2655 506 2699 reserare
527 2639 630 2698 iubent
651 2647 680 2699 et
701 2638 831 2718 pandere
850 2649 950 2718 portas

183 2720 353 2781 dardanidis
374 2722 527 2798 ipsumque
545 2719 665 2781 trahunt
687 2722 717 2781 in
738 2723 852 2782 moenia
872 2741 984 2799 regem,

183 2821 264 2864 arma
286 2803 383 2864 ferunt
403 2802 451 2863 alii
471 2809 500 2862 et
515 2811 644 2880 pergunt
665 2802 822 2864 defendere
843 2823 953 2867 muros.

183 2884 309 2946 inclusas
332 2893 364 2947 ut
384 2903 451 2947 cnm
468 2883 615 2947 latebroso
634 2886 664 2946 in
683 2888 800 2964 pumice
818 2896 919 2967 pastor

184 2970 331 3048 vestigavit
350 2987 420 3048 apes
441 2970 580 3048 fumoque
599 2969 727 3048 implevit
747 2987 863 3032 amaro:

184 3051 249 3113 illae
272 3054 348 3114 intus
369 3053 500 3131 trepidae
519 3070 620 3114 rerum
640 3071 694 3131 per
715 3071 800 3114 cerea
822 3060 917 3115 castra

185 3136 354 3197 discurrunt
374 3137 546 3214 magnisque
565 3142 674 3198 acuunt
693 3136 867 3197 stridoribus
887 3139 959 3204 iras;

183 3218 305 3279 volvitur
326 3228 388 3280 ater
408 3218 482 3279 odor
504 3221 597 3288 tectis,
620 3227 681 3279 tum
703 3236 855 3280 murmure
875 3237 962 3280 caeco

183 3303 260 3363 intus
282 3319 350 3362 saxa
369 3309 482 3372 sonant,
502 3317 607 3361 vacuas
628 3304 650 3361 it
671 3303 768 3362 fumus
789 3302 826 3362 ad
844 3319 938 3362 auras.

224 3384 335 3446 decidit
355 3384 428 3445 baec
447 3384 531 3456 fessis
552 3384 638 3444 etiam
660 3384 775 3445 fortuna
794 3383 912 3454 Latinis,

184 3485 258 3546 quae
279 3476 368 3528 totam
389 3466 470 3528 luctu
491 3467 637 3527 concussit
658 3467 787 3527 funditus
810 3465 922 3528 urbem.
