2512 4096
335 262 364 310 P.
382 259 526 309 vanains
547 256 701 307 HABONIS
724 253 912 305 naamam.
1090 258 1129 307 n

122 421 221 500 quihus
235 428 266 479 ut
286 419 472 494 philosophiae
491 426 602 493 portum
620 425 717 491 petens
733 424 761 472 ct
780 416 808 472 in
824 413 920 472 ‘docta
934 414 1022 473 dicta’
1039 417 1128 490 magni

122 506 228 564 Sironis
253 513 311 562 toto
337 505 424 561 animo
450 518 598 560 conversus
619 501 707 557 valere
729 497 805 556 iubet
824 507 852 556 et
871 499 1013 557 rhetorum
1036 500 1129 556 inanes

122 589 251 664 ampullas
262 595 290 646 et
301 587 534 652 scholasticorum,
550 586 577 644 h.
590 601 615 642 e.
628 585 863 660 grammaticorum
876 585 1013 641 nationem
1023 580 1130 658 ‘pingui

78 675 80 681 ’
121 670 285 730 madentem'
300 678 329 727 et
343 687 406 728 vero
418 669 512 727 dulces
526 685 657 735 camenas.
674 683 739 742 quas
753 667 826 744 quod
840 676 920 742 rogat
935 676 966 725 ut
977 669 1131 740 ‘pudenter

120 765 149 814 et
162 758 236 814 raro'
253 756 357 813 chartas
372 756 430 812 eius
445 755 575 817 revisant,
590 752 721 810 lasciviori
736 754 906 827 potissimum
922 753 1068 810 carminum
1082 767 1130 827 pe·

123 843 192 906 neri.
204 842 248 896 cui
262 837 386 896 solebant
397 839 577 914 elegantiores
587 836 749 894 hominesad
762 836 858 893 Catulli
864 835 989 911 Calvique
995 836 1138 911 exemplar

120 924 273 1000 indulgere,
288 921 446 980 adulescens
459 922 513 978 illis
529 922 636 996 quidem
651 922 727 978 aunis
743 937 852 994 operam
864 921 970 978 dedisse
982 919 1088 977 videtur
1096 912 1130 992 ¹).

207 1007 262 1065 Nec
276 1023 400 1081 umquam
415 1006 541 1081 deposuit
555 1005 740 1081 philosophiae
753 1004 881 1071 studium,
898 1005 974 1062 cuius
984 1012 1013 1062 et
1027 1004 1131 1061 tructus

121 1096 150 1151 in
161 1091 320 1150 carminibus
332 1092 442 1166 reliquit
452 1091 624 1147 suavissimos
635 1088 696 1162 (ecl.
705 1089 737 1145 Vl
748 1088 787 1146 31
800 1107 861 1164 sqq.
876 1106 921 1165 ge.
936 1089 981 1146 llll
996 1088 1057 1146 219
1069 1105 1129 1162 sqq.

122 1179 190 1235 hen.
206 1177 217 1233 l
232 1175 292 1234 742
305 1192 365 1250 sqq.
383 1175 415 1231 vl
430 1175 448 1233 7
452 1174 491 1231 24
504 1173 577 1250 sqq.)
593 1183 621 1231 et
634 1175 727 1231 laudes
742 1175 838 1232 cecinit
852 1175 879 1230 in
895 1191 938 1249 ge.
954 1171 1053 1230 11475
1068 1189 1129 1246 sqq.

124 1261 191 1334 quid
211 1261 285 1334 quod
305 1258 426 1315 absoluta
440 1259 557 1315 Aeneide
571 1260 700 1333 reliquam
714 1260 795 1315 vitam
815 1263 900 1314 totam
915 1259 939 1313 ei
953 1257 1052 1313 dedere
1066 1273 1130 1313 cou-

125 1336 294 1416 stituerat²)‚
315 1345 371 1398 sire
384 1343 537 1399 meditando
553 1353 580 1399 et
600 1343 716 1418 legendo
736 1345 792 1398 sive
813 1341 887 1415 quod
907 1341 971 1398 olim
992 1347 1130 1416 optaverat

123 1434 248 1502 poemate
262 1426 295 1483 ad
310 1425 428 1483 Lucretii
442 1427 591 1500 exemplum
607 1427 685 1484 ‘caeli
699 1428 753 1482 vias
769 1435 797 1482 et
810 1423 910 1482 sidera'
926 1427 1131 1499 universamque

122 1525 214 1567 rerum
234 1518 356 1567 naturam
376 1510 566 1584 explicaturus.
603 1528 682 1585 quam
702 1518 733 1566 ut
753 1517 835 1567 totam
851 1518 1029 1584 cognosceret
1048 1508 1130 1566 medi-

123 1595 200 1652 cinae
221 1610 330 1668 quoqne
351 1611 381 1650 ac
405 1596 519 1650 maxime
543 1595 742 1652 mathematicae
768 1611 875 1670 operam
901 1586 1019 1666 dedit³)‚
1047 1610 1078 1650 aa
1096 1610 1131 1649 ne

123 1679 221 1735 horum
236 1679 344 1752 quidem
358 1678 511 1735 studiorum
526 1680 554 1734 iu
569 1679 727 1737 carndnihus
741 1680 837 1736 indicia
852 1672 988 1751 casuali).

207 1761 304 1820 Poesin
327 1770 356 1818 ut
379 1779 447 1838 puer
468 1765 619 1838 auspicatus
640 1781 701 1821 esse
725 1764 813 1822 lerlur
827 1765 929 1838 scripto
945 1765 973 1820 in
987 1762 1129 1826 Ballistam,

122 1844 180 1904 ludi
194 1845 347 1922 gladiatorii
361 1849 535 1922 magistrum,
551 1848 665 1906 disticho

255 1938 347 1988 monte
361 1930 410 1986 suh
426 1932 480 1988 hoc
494 1931 611 2005 lapidum
626 1933 729 2006 tegitur
743 1932 851 1990 Ballista
865 1932 1003 2007 sepultus:

330 2010 410 2070 nocte
424 2015 467 2071 die
482 2022 571 2072 tutum
586 2033 664 2090 carpe
680 2017 765 2072 viator
779 2009 875 2088 iteri).

123 2195 167 2260 qai
186 2198 289 2273 poetam
307 2195 381 2272 quasi
397 2193 508 2272 Sitonum
526 2197 657 2273 petierant
674 2193 787 2272 acridqre
808 2193 939 2243 monica)
968 2193 1046 2244 Siron
1062 2189 1132 2257 ((εί·

122 2259 1133 2394 ronowgggffqugpqgffig33333113013353·{gaggam

127 2395 267 2457 praecipue
289 2393 458 2442 numerandus
474 2399 513 2442 cst
529 2395 561 2448 Ρ.
583 2395 722 2458 Verpitias,
746 2395 876 2446 Cornelius
893 2395 993 2460 Nepos,
1017 2402 1043 2446 et
1057 2395 1132 2459 prius

124 2459 213 2512 Attius
230 2458 393 2524 litaniasque'
410 2458 516 2511 Plinius
535 2463 615 2526 epist.
637 2463 695 2524 V3‚
714 2463 738 2511 o.
758 2465 876 2513 ceterum
893 2461 927 2512 de
945 2463 997 2513 hoo
1014 2477 1131 2529 poeseos

125 2526 306 2578 Maronianae
324 2540 426 2592 genere
444 2529 499 2579 alio
517 2528 576 2580 loco
595 2529 754 2595 propediem
771 2528 911 2580 disseram.

125 2664 157 2712 16
174 2592 213 2713 R2)
233 2600 275 2645 ‘ut
292 2596 391 2659 reliqua
402 2597 454 2645 sita
471 2601 564 2646 tantam
580 2597 755 2662 pittosopltae
767 2599 886 2648 occaret’
903 2598 1029 2648 Donatus
1048 2613 1075 2661 p.
1088 2597 1130 2660 62,

192 2727 203 2760 a

191 2728 213 2860 ⁴3
231 2730 498 2848 ξίίῗξέιιιιῗαξοοὸιῗέῗ
511 2731 705 2849 ἐξὶτοηοιιιίαω
723 2798 814 2863 tangit
827 2797 934 2861 eatan
950 2798 984 2848 40
1001 2812 1041 2861 sq.
1061 2797 1131 2862 ge.I

124 2866 157 2916 32
174 2877 233 2944 sqq.
255 2865 306 2914 204
329 2877 387 2928 sqq.
408 2865 457 2915 231
480 2879 554 2930 sqq,
581 2864 744 2916 medicinam
765 2865 795 2914 in
817 2863 966 2930 georgicon
987 2863 1057 2914 libro
1079 2863 1131 2926 111,

124 2932 452 3061 maxqrfqpqeggssmsqur
467 2998 549 3049 adhuc
565 3001 711 3062 auspicatus
726 3000 753 3048 in
764 2998 898 3049 Ballistam
910 2996 1036 3060 (iamlam
1048 2999 1130 3052 Bern.

125 3064 223 3130 Sang.)
240 3065 293 3114 tadi
303 3066 447 3128 mapistram
458 3065 488 3117 oh
501 3067 628 3130 infamiam
644 3066 832 3117 latrociniorum
844 3072 988 3130 coopertam
1005 3066 1132 3129 lapidibus

124 3131 250 3183 distichoa
264 3131 343 3194 fecit:
359 3137 455 3182 monte’
474 3147 498 3187 e.
512 3148 537 3199 q.
552 3149 573 3183 s.
591 3134 718 3183 Donatus
736 3148 762 3198 p.
776 3135 821 3196 58,
835 3135 859 3183 6.
879 3135 999 3198 ‘primum
1015 3133 1048 3183 ab
1070 3133 1131 3182 Vir·

123 3201 185 3264 pilio
203 3198 251 3250 laec
267 3198 392 3249 distichon
406 3200 501 3261 sactum
519 3208 558 3250 est
574 3202 600 3250 ira
617 3200 743 3250 Baiiataaa
760 3203 897 3251 latromm:
913 3203 1012 3251 monte'
1030 3214 1055 3249 e.
1068 3213 1094 3263 q.
1108 3214 1129 3253 s.

124 3265 238 3317 Servius
256 3281 283 3330 p.
303 3265 317 3314 l
337 3263 458 3332 (Virpitio
477 3282 528 3320 om.
546 3265 599 3329 Ρ.).
634 3282 681 3332 pro
699 3266 854 3318 litteratore
872 3266 968 3317 habuit
986 3264 1133 3316 Ballistam

127 3332 234 3384 Phooas
252 3348 277 3383 v.
296 3334 329 3382 41
342 3346 415 3398 sqq:
440 3338 505 3384 ‘tam
521 3333 632 3385 Ballista
648 3336 736 3385 radent
758 3336 844 3400 linqua
865 3334 986 3384 titaahante
1003 3339 1132 3395 receptam

124 3399 242 3450 Instituit
261 3401 382 3464 primam
408 3417 479 3468 quem
500 3417 555 3452 noar
576 3402 691 3452 armabas
714 3405 740 3451 in
762 3403 853 3452 ambria
877 3400 998 3451 (iratam
1018 3398 1131 3448 saltitem:

124 3468 220 3517 manen
240 3469 357 3517 doctrina
378 3469 487 3534 tepebat.
526 3469 594 3520 Mos
615 3469 749 3533 patefacta
770 3471 819 3520 oiri
841 3481 935 3532 pressa
955 3472 994 3515 est
1021 3465 1132 3514 audacia

123 3535 219 3586 raah!
242 3549 265 3584 e.
290 3548 314 3599 q.
339 3549 361 3587 s.
388 3535 516 3586 lanistam
541 3537 628 3587 fuisse
657 3536 742 3587 multo
771 3533 938 3602 probabilius
961 3531 1060 3583 statuit
1083 3530 1130 3594 qni
