2512 4096
178 258 240 322 298
522 268 666 316 vuncrm
680 267 806 317 nnums
825 268 848 315 x

178 425 264 488 ludar
286 436 315 487 et
336 427 366 486 in
387 424 493 486 melius
515 432 573 494 tua,
596 426 647 502 qui
663 432 758 503 potes,
779 440 846 484 orsa
861 424 1028 511 reflectasl'

178 511 253 572 haec
273 508 325 572 uhi
346 509 423 570 dicta
445 507 533 578 dedit,
557 507 637 569 caelo
660 526 692 569 se
711 509 848 587 protinus
868 507 926 569 altc

178 594 264 664 misit,
287 610 378 672 agens
399 593 527 654 hiemem
548 591 650 652 nimbo
669 593 817 654 succincte
838 610 893 671 per
914 609 1010 662 auras,

178 676 355 757 Iliacamque
377 678 472 738 aciem
494 685 523 738 et
544 675 699 738 Laurentia
721 683 815 737 castra
839 677 949 754 petivit.

177 768 238 823 tum
262 760 316 822 dea
338 760 419 822 nube
441 778 510 822 cava
529 767 649 821 tenuem
669 761 733 821 sine
753 760 865 820 viribus
886 760 1022 823 umbram

176 847 207 907 in
230 846 335 907 facicm
357 845 474 907 Aeneae
497 847 573 922 (sisu
593 843 727 905 mirabile
745 846 920 925 monstrum)

177 929 331 991 Dardaniis
354 935 439 990 cruat
459 927 525 990 telis
547 926 734 1009 clipeumque
754 927 899 1008 iubasque

72 1068 75 1074 .
177 1014 266 1075 divim
284 1011 439 1074 adsimulat
460 1012 571 1090 capitis,
596 1012 646 1074 dat
665 1013 763 1073 inania
785 1012 883 1084 verba,

177 1098 226 1158 dat
248 1098 312 1160 sine
332 1103 430 1158 mente
452 1115 559 1157 sonum
581 1113 760 1177 gressusque
782 1096 894 1174 effingit
916 1099 1022 1166 euntis,

176 1192 272 1242 morte
291 1181 370 1244 chila
392 1180 487 1258 qualis
509 1181 586 1242 lama
607 1189 651 1242 est
673 1180 795 1242 volitare
817 1181 927 1258 ligures

176 1273 227 1328 aut
249 1284 324 1344 quae
345 1267 456 1344 sopitos
480 1263 623 1326 deludunt
643 1267 756 1326 somnia
779 1282 891 1327 sensus.

175 1357 205 1411 at
224 1352 336 1427 primas
357 1349 432 1411 laeta
454 1357 522 1410 ante
543 1351 621 1418 acies
644 1347 753 1410 exultat
773 1351 870 1428 imago

176 1433 333 1513 inritatque
350 1435 445 1495 urum
466 1433 532 1495 telis
551 1440 581 1496 et
601 1451 673 1494 voce
690 1432 814 1496 lacessit.

175 1519 261 1578 instat
280 1519 327 1578 cui
346 1517 463 1579 'liunus
484 1518 715 1597 stridentemque
735 1519 849 1579 eminus
870 1515 984 1577 hastam

175 1602 298 1662 conicit:
319 1599 369 1663 illa
390 1602 457 1661 dato
480 1604 566 1663 vertit
586 1602 706 1680 vestigia
728 1609 822 1681 tergo.

175 1692 238 1746 tum
256 1703 327 1746 vere
345 1686 465 1746 Aenean
485 1703 621 1747 aversum
642 1691 674 1746 ut
690 1686 797 1747 cedere
818 1686 936 1747 Turnus

175 1769 299 1830 credidit
320 1775 407 1847 atque
429 1770 528 1830 animo
550 1787 634 1848 spem
655 1768 792 1831 turbidus
811 1768 908 1831 hausit
929 1771 1058 1842 inanem,

174 1860 251 1933 ‘quc
269 1852 355 1931 iugis,
379 1853 497 1914 Aenea?
517 1853 662 1914 thalamos
683 1870 721 1914 ne
742 1854 845 1914 desere
864 1862 981 1933 pactcs;

173 1936 230 1998 hac
252 1936 370 1998 dabitur
390 1937 492 1999 dextra
514 1936 601 2000 tellus
622 1939 753 2018 quaesita
773 1955 828 2016 per
850 1938 963 2008 undas,'

174 2019 242 2083 talia
263 2022 429 2083 vociferans
449 2023 583 2100 sequitur
604 2023 798 2100 strictumque
818 2029 954 2083 coruscat

173 2123 348 2168 mucronem
365 2124 423 2168 nec
446 2107 526 2168 ferre
547 2105 625 2168 ridet
646 2124 698 2167 sua
721 2106 826 2185 gaudia
844 2113 956 2168 ventos.

174 2189 251 2251 iorte
271 2191 343 2251 ratis
365 2190 437 2252 celsi
460 2192 617 2252 coniuncta
638 2191 790 2269 crepidine
811 2192 873 2251 saxi

175 2275 312 2353 expositis
333 2274 429 2336 stabat
449 2273 535 2338 scalis
555 2282 585 2336 ct
604 2281 695 2354 ponte
715 2282 830 2355 parato,

174 2377 232 2440 qua
250 2377 303 2419 rex
321 2358 446 2421 Clusinis
467 2360 605 2421 advectus
628 2358 745 2420 Osinius
753 2362 837 2420 tcris.

173 2441 233 2503 huc
251 2460 318 2504 sese
336 2444 451 2521 trepida
472 2444 589 2505 Aeneae
612 2442 750 2522 fugientis
772 2444 869 2520 imago

175 2527 284 2587 conicit
303 2527 333 2586 in
353 2525 496 2596 latebras:
518 2544 574 2588 nec
596 2526 715 2588 Turnus
735 2528 854 2605 segnior
875 2527 963 2586 instat

174 2616 389 2690 exsuperatque
411 2628 511 2672 moras
533 2617 563 2672 et
585 2612 683 2689 pontis
704 2611 829 2672 transilit
847 2611 930 2673 altcs.

173 2697 219 2756 vix
240 2711 362 2774 proram
383 2696 533 2772 attigerat:
555 2696 668 2772 rumpit
688 2694 824 2757 Saturnia
846 2695 949 2757 funem

173 2777 360 2857 avenamque
381 2779 459 2856 rapit
479 2776 612 2839 revoluta
631 2795 687 2856 per
708 2795 838 2857 aequora
857 2797 970 2841 navem.

172 2871 234 2923 tum
255 2861 326 2923 levis
347 2861 418 2923 hant
438 2861 515 2923 ultra
536 2861 665 2924 latebras
686 2864 745 2923 iam
767 2865 881 2942 quaerit
899 2865 1009 2940 imago,

173 2947 225 3008 sed
244 2944 369 3008 sublime
387 2945 488 3008 volans
512 2946 584 3009 nuhi
602 2966 634 3009 ss
655 2947 805 3008 inmiscuit
826 2955 916 3010 atrae.

171 3030 254 3092 illurn
276 3039 374 3093 autem
395 3033 509 3094 deneas
532 3032 683 3094 absentem
705 3033 736 3092 in
757 3032 869 3111 proelia
891 3034 1002 3111 poscit:

173 3114 257 3176 chria
278 3114 371 3176 multa
387 3118 482 3178 vuum
505 3118 629 3179 demittit
650 3134 777 3197 corpora
795 3116 898 3178 Morti:

172 3217 241 3260 cum
258 3199 392 3261 Turnum
415 3200 511 3263 medic
530 3203 643 3264 interea
665 3202 723 3263 tert
744 3219 873 3280 aequore
894 3199 994 3263 turbe.

172 3284 292 3362 respicit
313 3285 433 3361 ignarus
456 3304 558 3348 rerum
579 3287 771 3368 ingratusque
795 3285 895 3346 salutis

173 3374 202 3428 et
223 3367 346 3447 duplicis
370 3388 437 3431 curn
458 3387 530 3430 voce
551 3387 656 3430 manus
672 3369 710 3430 ad
730 3367 826 3430 sidera
847 3368 949 3430 tendit

173 3453 375 3530 ‘omnipotens
396 3454 521 3530 genitor,
545 3462 647 3513 tantm
665 3470 714 3513 me
735 3453 857 3515 crimine
875 3454 995 3532 dignum

173 3533 282 3596 duxisti
303 3545 332 3598 et
351 3535 417 3596 talis
438 3536 554 3597 voluisti
576 3536 744 3617 expendere
765 3537 894 3614 poenas?
