2512 4096
395 276 540 325 venenu
554 276 679 329 Anulus
695 277 749 324 1111

56 431 256 509 deripientque
278 439 356 492 rates
379 432 426 492 alii
447 430 617 493 navalibus?
639 432 695 501 ite,

61 517 136 575 terte
155 514 204 574 citi
221 511 368 584 dammas,
389 515 456 576 date
477 513 551 585 tela,
573 513 704 593 impellite
725 517 835 575 remos!

61 596 132 678 quid
146 595 267 674 loquor,
290 604 341 657 aut
355 597 406 659 uhi
420 600 507 659 sumt
529 616 604 677 quae
619 605 748 659 mentem
762 599 874 659 insania
889 607 994 669 mutat,
1024 611 1076 666 595
1092 625 1138 645 a*

60 681 160 742 infelix
181 679 272 740 nidor
293 699 372 742 nunc
393 688 422 742 te
440 682 516 744 faeta
537 683 625 760 impia
645 682 786 760 tangunt?
805 715 845 737 a„

61 775 123 826 tum
147 765 258 834 decuit,
279 783 347 825 cum
368 772 484 843 sceptra
503 764 603 827 dahas.
648 783 685 826 en
707 765 809 826 dextra
830 765 976 846 fidesque,

61 868 149 927 quem
169 865 270 909 secum
292 848 403 926 patrios
425 850 505 910 aium
526 856 646 927 portare
662 856 798 927 penates,

61 951 148 1010 quem
170 931 425 994 subiisseumeris
447 932 613 995 contectum
634 940 728 994 aetate
749 935 928 1010 parentemt

60 1033 120 1076 nen
141 1016 223 1095 potui
244 1016 400 1094 abreptum
420 1015 557 1079 divellere
580 1033 688 1096 corpus
709 1025 738 1079 et
757 1017 842 1078 undis

60 1115 215 1178 spargere,
239 1117 299 1158 uon
320 1101 430 1171 socies,
451 1117 512 1161 non
528 1101 625 1177 ipsum
648 1100 803 1164 absumere
825 1102 905 1160 ferro

59 1184 215 1244 Ascanium
238 1184 398 1262 patriisque
416 1182 593 1263 epulandum
617 1200 729 1261 ponere
748 1184 875 1245 mensis?

60 1283 163 1328 verum
185 1282 292 1344 anceps
313 1284 429 1345 pugnae
448 1267 545 1328 fuerat
564 1265 689 1327 icrtuna.
734 1266 849 1328 suisset:

60 1368 150 1427 quem
172 1350 264 1410 metui
286 1350 448 1411 moritura?
470 1350 548 1411 iaces
569 1351 600 1409 in
622 1357 717 1411 castra
739 1349 869 1411 tulimem

59 1433 276 1512 inplessemque
293 1434 373 1494 iores
395 1433 520 1494 dammis
542 1440 702 1512 natumque
721 1440 894 1512 patremque

61 1535 129 1578 cum
151 1534 259 1595 genere
281 1518 441 1587 extiuxem,
466 1526 575 1578 memet
593 1533 683 1595 super
705 1519 768 1596 ipsa
789 1517 942 1578 dedissem.

61 1599 125 1669 Sol,
150 1599 199 1679 qui
220 1609 367 1662 terrarum
388 1600 513 1662 dammis
536 1618 626 1679 opera
645 1602 742 1662 omnia
766 1599 889 1671 lustras,

60 1691 152 1763 tuque
173 1682 279 1744 harum
299 1686 445 1762 interpres
465 1703 603 1746 curarum
625 1693 653 1745 et
673 1686 789 1746 conscia
809 1685 898 1755 Iuno,

60 1768 271 1846 nocturnisque
291 1768 401 1829 Hecate
422 1768 513 1829 triviis
534 1767 642 1829 ululata
662 1786 717 1847 per
739 1768 842 1837 urbes,

59 1859 90 1910 et
112 1850 193 1911 dirae
215 1850 333 1912 ultrices
354 1860 384 1912 et
405 1853 434 1912 di
455 1853 607 1914 morientis
628 1851 752 1922 Elissae,

61 1934 184 2011 accipite
203 1933 277 1995 haec
296 1936 493 2014 meritumque
512 1935 597 1996 mam
616 1937 758 1996 advertite
777 1953 886 1996 numen

62 2023 92 2078 et
107 2023 224 2076 nostras
246 2018 343 2080 audite
359 2036 474 2097 preces.
519 2021 543 2080 si
563 2027 683 2096 tangere
705 2025 808 2095 portus

61 2099 214 2162 infandum
237 2112 324 2180 caput
344 2121 379 2163 ac
401 2103 487 2162 terris
508 2101 618 2162 adnare
640 2109 789 2163 necessest

62 2194 91 2245 et
112 2186 154 2246 sic
174 2184 232 2244 tata
253 2186 328 2246 lovis
348 2193 488 2263 poscunt,
515 2183 566 2244 hic
584 2185 727 2245 terminus
748 2183 864 2245 haeret:

61 2280 91 2329 at
111 2268 189 2330 bello
210 2268 330 2329 audacis
349 2265 450 2347 populi
470 2275 590 2327 vexatus
610 2275 639 2327 et
659 2267 762 2336 armis,

61 2351 168 2413 tinibus
190 2351 330 2422 extorris,
355 2348 510 2428 complexu
534 2349 648 2411 avolsus
669 2349 724 2412 iuli

60 2433 200 2497 auxilium
220 2432 347 2514 inploret
368 2433 522 2512 videatque
543 2433 661 2510 indigna
682 2451 804 2494 suorum

61 2521 182 2587 iunera;
204 2536 273 2587 nec,
297 2536 363 2579 cum
384 2535 416 2577 se
438 2516 493 2578 sub
514 2516 594 2595 leges
615 2518 696 2596 pacis
717 2519 834 2596 iniquae

61 2601 224 2672 tradiderit,
248 2619 339 2680 regno
361 2610 412 2662 aut
433 2609 531 2679 optata
552 2599 618 2662 luce
639 2602 768 2670 truatur,

60 2685 113 2747 sed
135 2685 219 2747 cadat
240 2697 307 2747 ante
328 2685 406 2746 diem
430 2684 585 2763 mediaque
606 2685 775 2746 inhumatus
796 2685 916 2747 harena.
1025 2695 1075 2748 620

60 2770 134 2831 haec
155 2787 276 2849 precor,
299 2769 376 2830 hanc
396 2786 499 2831 vocem
523 2777 684 2832 extremam
706 2787 775 2830 cum
794 2699 1055 2846 sanguine-inmo.

60 2862 123 2915 tum
144 2871 209 2924 vos,
230 2872 247 2912 c
269 2853 366 2931 Tyrii,
389 2853 512 2930 stirpem
534 2863 563 2914 et
584 2870 677 2930 genus
699 2869 786 2912 omne
807 2853 939 2914 futurum
1116 2855 1174 2886 ‘¹'

63 2943 197 2997 exercete
216 2935 290 2996 odiis
313 2936 461 3015 cinerique
483 2937 558 2998 haec
576 2938 681 2997 mittite
699 2946 802 2996 nostro

60 3035 193 3079 munera.
237 3017 334 3080 nullus
354 3037 437 3080 amor
459 3019 575 3098 populis
595 3037 651 3080 nec
671 3018 791 3079 foedera
810 3027 905 3079 sunto.

61 3104 194 3165 excriare
215 3102 318 3182 aliquis
339 3104 447 3164 nestris
470 3122 506 3164 ex
527 3103 643 3164 ossibus
661 3100 753 3171 ulter,
1025 3111 1074 3164 62⁵

60 3187 111 3268 qui
134 3187 197 3248 iace
219 3186 379 3248 Dardanios
397 3187 537 3265 ierrcque
561 3204 686 3264 sequare
708 3185 842 3257 colones,

60 3288 153 3340 nunc,
177 3270 262 3341 olim,
286 3285 472 3349 quecumque
494 3270 605 3331 dabunt
625 3288 657 3330 se
678 3277 812 3348 tempere
834 3269 920 3330 vires.

60 3355 145 3416 litora
159 3353 292 3416 litoribus
309 3355 471 3423 contraria,
495 3351 632 3415 {luctibus
651 3352 743 3414 undas

59 3442 212 3518 inprecer,
236 3456 317 3499 arma
337 3439 442 3498 armis:
464 3445 596 3516 pugnent
615 3437 729 3514 ipsique
752 3433 956 3516 nepotesque!

100 3523 181 3586 Haec
203 3525 256 3592 ait,
281 3532 310 3582 et
331 3522 422 3600 partis
444 3521 573 3582 animum
594 3517 728 3581 versabat
749 3521 780 3578 in
801 3519 909 3588 omnis,
1021 3527 1074 3581 tito
