2512 4096
119 280 180 341 228
447 286 789 336 vunomrauuarsvn

119 446 219 521 gratia,
243 445 267 502 si
287 444 358 503 iuris
378 445 502 504 materni
525 458 594 501 cura
616 439 773 506 remordet,

119 525 219 587 solvite
242 525 358 587 crinalis
374 527 466 595 vittas,
491 525 583 601 capite
624 522 686 598 rgia
708 523 841 581 mecum.¹

118 608 205 669 talem
225 609 301 668 inter
321 607 414 675 siluas,
437 608 512 668 inter
532 606 646 666 deserta
667 604 805 670 terarum,

120 691 250 767 reginam
267 688 377 750 Allecto
399 687 521 749 stimulis
544 689 603 764 agit
624 685 754 763 undique
776 686 893 747 Bacchi.

160 773 316 849 Postquam
338 773 397 832 visa
418 772 488 831 satis
509 771 619 849 primos
640 769 752 830 acuisse
774 769 889 830 inrores

120 855 329 933 consiliumque
344 871 519 930 omnemque
541 854 659 912 domum
681 853 801 912 vertisse
822 852 925 920 Latini,

119 938 250 1015 protinus
271 937 340 996 bino
360 936 450 997 iuscis
471 936 561 996 tristis
581 935 635 994 dea
658 931 768 993 tollitur
790 932 842 994 alis

120 1018 236 1079 audacis
256 1017 355 1080 Rutuli
377 1020 413 1078 ad
433 1035 543 1086 muros,
566 1033 653 1093 quam
675 1017 781 1076 dicitur
803 1016 907 1079 urbem

119 1102 296 1162 Acrisioneis
317 1101 414 1162 Danae
437 1100 573 1161 fundasse
599 1097 718 1168 colonis,

120 1185 270 1262 praecipiti
291 1183 385 1244 delata
406 1191 485 1243 noto.
517 1180 600 1242 locus
621 1180 715 1241 Ardea
735 1183 881 1261 quondam

120 1265 214 1327 dictus
236 1267 296 1325 avis
317 1269 356 1341 (et
377 1283 456 1326 nunc
477 1282 614 1342 magnum
635 1270 731 1324 manet
749 1264 843 1325 Ardea
864 1282 979 1333 nomeu,

119 1348 170 1408 sod
184 1349 300 1408 fortuna
321 1347 400 1426 luit):
422 1349 505 1408 tectis
527 1347 575 1407 bic
593 1347 711 1407 Turnus
724 1349 761 1422 in
781 1347 844 1406 altis

119 1430 177 1490 iam
198 1429 324 1491 mediam
348 1433 431 1507 nigra
454 1429 593 1508 carpebat
613 1435 700 1490 noete
717 1431 852 1506 quietem.

119 1509 228 1573 Allecto
250 1520 361 1573 torvam
384 1513 487 1573 iacicm
510 1519 538 1572 et
561 1509 674 1572 furialia
692 1511 824 1572 membra

120 1595 207 1662 exuit,
227 1594 257 1654 in
279 1594 375 1656 vultus
395 1612 460 1656 sese
477 1594 665 1654 transformat
685 1593 783 1662 anilis;

119 1683 148 1736 et
169 1677 295 1736 frontem
318 1675 475 1738 obscenam
492 1678 573 1754 rugis
595 1682 667 1744 arat,
691 1676 785 1736 induit
804 1675 886 1736 albos
923 1738 929 1749 ,

120 1776 187 1818 cum
208 1759 276 1818 vitta
295 1761 393 1828 crinis,
416 1767 478 1819 tum
499 1777 614 1819 ramum
634 1759 755 1818 innectit
775 1756 881 1827 olivam
908 1805 910 1809 s

119 1841 150 1899 tit
172 1840 277 1919 Calybe
298 1839 416 1901 lunonis
433 1858 506 1902 anus
527 1839 687 1918 templique
707 1841 844 1902 sacerdos

119 1930 148 1982 ct
170 1924 266 1983 iuveni
290 1930 356 1982 ante
379 1923 478 1984 oculos
501 1923 546 1984 his
568 1941 600 1984 se
622 1941 689 1984 cum
711 1922 829 1983 vocibus
850 1923 948 1984 offert:

136 2004 244 2073 Turne,
265 2013 308 2065 tot
326 2007 471 2067 incassum
493 2006 573 2066 iusos
592 2007 703 2082 patiere
723 2004 840 2065 iabores

120 2093 147 2146 et
169 2094 217 2147 tua
239 2087 390 2148 Dardaniis
410 2088 565 2149 transcribi
585 2095 700 2165 sceptra
723 2086 850 2148 colonial

119 2187 171 2230 rex
192 2169 245 2229 tibi
265 2172 432 2247 coniugium
454 2178 483 2231 et
503 2172 647 2249 quaesitas
672 2172 812 2247 sanguine
835 2170 915 2231 dotes

120 2250 251 2327 abnegat,
272 2258 467 2332 externusque
487 2255 519 2313 in
540 2271 665 2331 regnum
684 2255 834 2332 quaeritur
856 2252 951 2314 bores.

119 2337 129 2392 i
151 2351 236 2404 nunc,
259 2336 381 2412 ingratis
402 2336 475 2396 oder
495 2343 533 2404 te,
554 2337 653 2403 iuriae,
674 2333 807 2415 periclis;

120 2415 294 2495 Tyrrhenas,
317 2419 335 2486 i,
357 2426 456 2479 sterne
476 2420 569 2486 acies;
586 2426 653 2495 tege
674 2435 747 2495 pace
769 2418 895 2478 Latinos.

118 2497 191 2558 baec
213 2499 285 2558 adeo
305 2499 359 2559 tibi
378 2518 434 2570 me,
454 2500 568 2578 placida
590 2499 657 2559 cunr
678 2508 764 2560 nocte
783 2502 905 2569 iaceres,

118 2582 180 2658 ipsa
203 2579 299 2657 palam
320 2581 375 2642 tari
397 2584 579 2660 omnipotens
601 2581 736 2642 Saturnia
754 2583 845 2642 iussit.

120 2681 209 2740 quare
231 2680 284 2740 age
308 2670 336 2725 et
358 2665 465 2723 armari
488 2663 598 2741 pubem
620 2664 771 2740 portisque
793 2666 903 2724 moveri

118 2744 211 2805 laetus
233 2747 262 2804 in
284 2760 353 2806 arva
371 2745 449 2814 iube,
472 2752 501 2805 et
521 2745 663 2824 Phrygios
685 2745 736 2822 qui
755 2744 874 2806 flumine
896 2747 1019 2825 pulchro

120 2828 278 2889 consedere
299 2828 388 2889 duces
409 2829 558 2906 pictasque
579 2846 668 2888 exure
688 2829 810 2890 carinas.

119 2909 277 2971 caelestum
298 2912 341 2971 vis
363 2926 468 2987 magna
491 2910 579 2972 iubet.
612 2928 665 2971 rex
686 2912 749 2988 ipse
773 2911 900 2980 Latinus,

117 2994 148 3052 ui
169 2992 239 3053 dare
261 2994 427 3072 conlugium
451 3000 479 3053 et
502 2993 578 3054 dicto
596 3011 702 3072 parere
721 2994 835 3062 latetur,

118 3078 223 3136 sentiat
244 3085 273 3135 et
290 3076 406 3137 tandem
423 3075 556 3137 'l'urnum
574 3079 741 3154 experiatur
760 3079 790 3136 in
812 3075 918 3137 armis!

160 3156 213 3217 liic
230 3159 342 3218 rutenis
363 3170 456 3220 vatem
478 3160 608 3221 inridens
629 3161 671 3219 sic
693 3175 758 3219 orsa
780 3160 904 3219 vicissim

119 3257 170 3300 ere
192 3239 298 3300 refert:
321 3241 435 3302 ‘classis
453 3243 582 3303 invectas
604 3239 759 3318 Thybridis
780 3241 888 3301 undam

120 3339 186 3390 non,
209 3328 241 3381 ut
258 3339 334 3389 rore.
351 3341 430 3385 meas
452 3325 550 3399 elingit
570 3324 688 3384 nuntius
710 3324 797 3383 auris.

120 3422 155 3464 ue
177 3411 271 3464 tantos
293 3405 364 3466 mibi
385 3407 463 3480 tinge
481 3413 590 3474 metum
612 3421 666 3464 uec
689 3406 767 3482 regia
787 3404 859 3464 luno

119 3487 261 3547 inmemor
282 3494 325 3546 est
346 3488 446 3548 nostri.
