2512 4096
351 116 493 164 3333333
516 113 719 164 ouoacrcou
732 114 788 161 1111
1033 103 1067 163 7t

54 293 125 338 rere
147 291 218 346 suo,
240 274 378 353 ludetque
400 272 472 334 laris
495 271 600 333 emissa
622 271 766 340 iuventus,

55 360 152 420 vicina
174 358 275 419 invitet
296 357 440 420 decedere
462 357 526 434 ripa
549 354 649 424 calori,

57 442 203 521 obviaque
224 442 356 522 hospitiis
378 448 475 501 teneat
498 438 701 499 frondentibus
723 436 820 497 arbos.

56 527 87 587 in
108 524 254 596 medium,
278 538 330 586 seu
353 524 441 586 stabit
462 525 542 584 iners
563 541 616 583 seu
637 520 764 600 prolluet
786 538 881 592 umor,

58 615 239 670 transversas
262 608 364 670 salices
386 615 415 669 31
436 607 558 686 grandia
580 608 681 666 conice
703 623 781 672 saxa,

57 690 198 773 pontibus
219 699 252 753 ut
274 691 387 753 crebris
408 689 522 770 possint
543 691 703 750 consistere
726 697 754 750 et
776 687 836 749 alas

57 776 189 856 paudere
211 776 249 836 ad
271 777 411 837 aestirom
433 773 539 844 solem,
562 775 586 834 si
608 775 684 834 torte
706 772 847 833 morantis

13 902 15 906 ι
58 859 201 940 sparserit
222 867 272 920 aut
292 877 435 938 praeceps
456 864 586 937 neptuno
608 858 775 918 inmerserit
797 874 896 917 eurus.

58 944 133 1005 haec
155 943 267 1005 circum
290 943 384 1003 casiae
406 942 514 1003 virides
537 949 565 1002 31
587 940 693 1002 3133113
714 940 772 1001 1313

58 1025 190 1106 serpulla
212 1033 242 1087 et
263 1027 389 1103 graviter
411 1027 547 1105 spirantis
570 1026 652 1103 copia
675 1025 826 1105 thymbrae

10 1116 12 1123 ’
58 1109 177 1181 floreat,
200 1111 408 1189 inriguumque
429 1109 532 1170 bibant
552 1109 672 1170 violaria
693 1108 813 1169 iontem.

59 1195 123 1274 ipsa
146 1200 260 1263 autem,
284 1213 336 1255 seu
359 1192 518 1254 corticibus
539 1192 592 1253 tihi
613 1198 678 1252 suta
700 1194 815 1261 cavatis,

60 1295 113 1340 seu
135 1276 215 1338 lento
237 1278 346 1339 fuerint
368 1276 475 1339 alvaria
497 1277 603 1338 vimine
624 1283 713 1347 texta,

59 1368 200 1440 augustos
221 1361 349 1422 habeant
371 1361 480 1422 aditus:
502 1379 571 1421 nam
593 1361 703 1438 frigore
724 1359 811 1421 mella

59 1446 139 1524 cogit
160 1445 289 1523 hiemps,
313 1446 475 1524 eademque
497 1443 577 1504 calor
599 1442 752 1523 liquefacta
774 1445 902 1506 remittit.

60 1536 186 1606 utraque
208 1529 250 1587 313
272 1529 376 1608 apibus
398 1529 508 1608 pariter
529 1527 700 1597 metuenda;
729 1546 825 1608 neque
846 1529 913 1590 illae

60 1613 239 1691 nequiquam
260 1612 395 1674 intectis
417 1614 549 1673 certatim
572 1613 666 1673 tenvia
689 1630 757 1673 cera

61 1697 240 1775 ephementa
260 1694 368 1766 linunt,
392 1698 517 1775 lucoque
540 1703 569 1756 et
589 1695 712 1756 lloribus
735 1713 802 1755 3333

61 1777 192 1858 explent,
216 1777 428 1859 collectumque
451 1780 524 1840 haec
545 1781 608 1858 ipsa
630 1780 666 1839 ad
687 1796 810 1838 munera
833 1777 932 1856 gluten

62 1862 191 1924 3131333
214 1870 242 1923 31
262 1863 405 1942 Phrygiae
428 1872 544 1924 servant
564 1864 629 1940 pice
651 1862 757 1923 lentius
779 1861 855 1922 ldae.
879 1863 883 1870 '

60 1963 150 2024 saepe
172 1947 259 2007 etiam
281 1947 406 2017 effossis,
431 1948 545 2007 313333
568 1954 611 2007 331
632 1946 723 2014 fama,
745 1943 864 2005 latebris

60 2029 117 2092 sub
139 2036 220 2090 terra
241 2030 340 2092 fovere
362 2030 469 2100 larem,
492 2030 668 2107 penitusque
688 2035 822 2105 repertae

60 2112 286 2192 pumicibusque
309 2115 386 2174 33313
408 2130 570 2191 exesaeque
592 2111 707 2172 arboris
729 2120 822 2172 antro.

60 2202 94 2258 tu
115 2203 214 2258 tamen
237 2203 266 2258 et
286 2197 342 2259 levi
364 2198 473 2258 rimosa
495 2195 600 2257 cubilia
622 2194 691 2255 limo
1042 2203 1075 2257 ts

60 2297 162 2360 ungue
183 2281 284 2341 fovens
307 2282 433 2351 circum,
457 2288 589 2342 3133333
612 2280 777 2358 superinice
799 2281 926 2342 frondes.

105 2363 191 2436 Quod
213 2373 362 2443 superest,
392 2363 444 2425 ubi
465 2363 580 2443 pulsam
601 2364 728 2425 hiemem
751 2363 801 2424 Sol
822 2382 931 2426 aureus
952 2363 1011 2441 egit
1042 2371 1073 2424 51

62 2447 118 2510 sub
140 2455 236 2508 terras
258 2447 429 2528 caelumque
451 2450 557 2510 3331133
578 2447 644 2510 luce
665 2448 793 2518 reclusit,

60 2530 130 2593 illae
152 2531 291 2592 continuo
312 2532 402 2594 saltus
423 2532 567 2611 silvasque
587 2540 746 2611 peragrant

61 2632 288 2694 purpureosque
309 2623 422 2678 metunt
444 2615 532 2677 tiores
554 2624 582 2677 et
603 2615 723 2676 ssumina
745 2615 837 2676 libant

62 2715 179 2760 summa
200 2697 287 2759 leves.
332 2700 400 2760 hinc
422 2701 520 2760 nescio
543 2718 600 2778 qua
622 2698 776 2760 dulcedine
797 2699 890 2760 133133
1043 2708 1077 2760 et

11 2772 19 2789 ⁶
63 2783 235 2860 progeniem
258 2782 401 2861 nidosque
421 2784 534 2851 fovent,
557 2783 626 2843 hinc
648 2789 710 2842 3313
731 2785 858 2844 33333113

64 2864 214 2927 excudunt
235 2882 319 2926 ceras
341 2872 370 2927 31
391 2864 476 2926 mella
498 2866 610 2926 tenacia
632 2866 754 2941 lingunt.
831 2873 834 2879 '

63 2948 113 3010 hic
134 2947 185 3011 ubi
206 2950 264 3009 iam
287 2952 424 3010 emissum
447 2950 540 3010 caveis
562 2948 598 3008 ad
620 2949 716 3008 sidera
739 2947 812 3009 caeli

64 3050 137 3093 nare
158 3049 212 3110 per
234 3039 372 3094 aestatem
393 3032 531 3113 liquidam
554 3032 720 3109 suspexeris
742 3050 846 3110 agmen

65 3115 282 3194 obscuramque
303 3119 380 3178 trahi
402 3124 487 3178 33313
510 3116 657 3177 mirabere
679 3115 796 3186 nubem,
1043 3123 1079 3179 60

65 3198 294 3277 contemplator:
317 3219 407 3280 aquas
428 3200 521 3262 dulcis
544 3208 573 3262 et
594 3199 716 3261 frondea
737 3217 854 3278 semper

66 3289 142 3344 tecta
164 3289 292 3361 petunt'
320 3285 379 3345 huc
400 3293 432 3344 tu
454 3292 550 3345 tusses
572 3301 696 3361 asperge
717 3301 847 3361 sapores,

65 3368 134 3428 trita
155 3365 337 3446 mehsphylla
359 3374 388 3429 et
409 3368 557 3428 cerinthae
579 3366 708 3444 ignobile
729 3383 861 3444 momen,
