2512 4096
127 273 169 334 50
418 283 561 331 vunnim
583 282 783 332 nncnarcou
805 284 833 331 11

128 438 184 497 iam
207 445 269 498 tum
291 455 358 498 acer
381 455 466 497 curas
487 438 649 497 venientem
672 437 800 498 extendit
821 438 853 499 in
876 456 995 502 annum
1090 448 1123 505 nt
1168 474 1170 479 ·

126 521 269 589 rusticus,
293 529 322 580 et
344 538 433 580 curvo
456 520 574 580 Saturni
595 519 683 580 dente
704 518 837 580 relictam
1153 532 1156 537 '

128 604 310 680 persequitur
333 604 419 663 vitem
441 604 594 662 attondens
615 602 755 680 fingitque
777 604 924 680 putando.

126 686 236 764 primus
258 686 379 747 humum
401 685 506 756 fodito,
529 687 640 762 primus
662 684 780 745 devecta
802 695 940 748 cremato

126 776 286 840 sarmenta,
310 777 338 830 et
360 767 448 829 vallos
470 770 581 846 primus
603 767 657 828 sub
681 774 755 829 tecta
775 769 905 838 refert03

126 859 291 930 postremus
312 853 422 915 metita.
471 852 516 912 bis
538 849 642 912 vitibus
663 852 772 929 ingruit
793 852 913 923 umbra,
1095 865 1130 920 dlv

125 936 170 996 bis
192 943 320 1013 segetem
343 935 440 995 densis
462 935 611 996 obducunt
632 933 763 995 sentibus
784 935 914 1005 berbae;

125 1019 216 1078 durus
239 1025 361 1096 uterque
382 1016 480 1078 labor:
502 1017 618 1078 laudato
639 1018 765 1094 ingentia
785 1036 868 1087 rura,

125 1102 260 1177 exiguum
283 1101 378 1161 colito.
415 1119 551 1161 necnon
573 1101 658 1161 etiam
679 1118 782 1178 aspera
804 1103 886 1162 rusci

126 1184 229 1242 virnina
250 1201 304 1261 per
325 1183 425 1243 silvam
447 1191 476 1244 et
497 1185 568 1261 ripis
589 1184 711 1245 lluvialis
733 1184 868 1245 harundo

125 1267 269 1335 caeditur,
292 1267 450 1346 incultique
472 1274 589 1328 exercet
610 1286 681 1328 cura
702 1268 802 1328 salicti.
1095 1281 1132 1335 lli

124 1350 181 1408 iam
204 1350 315 1410 vinctae
338 1352 421 1420 vites,
445 1353 502 1410 iam
524 1349 630 1410 falcem
652 1350 770 1411 arbusta
792 1359 955 1428 reponunt,

124 1431 181 1490 iarn
203 1433 279 1491 canit
302 1433 419 1493 eliectos
442 1440 589 1494 extremus
610 1434 715 1493 vinitor
737 1440 833 1494 antes:

123 1512 302 1574 sollicitanda
323 1522 420 1575 tamen
442 1517 527 1578 tellus
547 1515 699 1594 pulvisque
720 1517 892 1588 movendus,

124 1603 152 1656 et
173 1597 229 1655 iam
252 1599 372 1658 maturis
392 1599 566 1660 metuendus
587 1599 716 1677 luppiter
738 1601 809 1660 uvis.

168 1680 274 1739 Contra
296 1698 355 1740 non
377 1680 462 1741 ullast
483 1680 553 1741 oleis
576 1680 705 1742 cultura:
727 1701 823 1761 neque
844 1683 913 1744 illae
1092 1698 1134 1751 lid

123 1779 297 1838 procurvam
320 1769 471 1840 expectant
493 1763 596 1824 lalcem
616 1772 786 1843 rastrosque
807 1767 929 1837 tenacis,

125 1862 191 1905 cum
213 1845 304 1906 semel
325 1847 483 1908 haeserunt
504 1847 580 1907 arvis
601 1867 746 1927 aurasque
767 1847 914 1919 tulerunt;

123 1945 183 2006 ipsa
205 1929 274 1989 satis
296 1928 395 2001 tellus,
418 1949 485 1991 cum
507 1931 593 1992 dente
614 1931 774 1993 recluditur
795 1949 882 2002 unco,

122 2012 228 2072 sufficit
250 2032 382 2074 umorem
405 2022 434 2075 et
454 2015 602 2093 gravidas,
627 2033 692 2075 cum
716 2033 849 2085 vomere,
872 2015 989 2095 fruges.

122 2093 180 2154 lice
201 2097 340 2173 pinguem
362 2105 390 2158 et
412 2095 547 2175 placitam
568 2097 637 2158 Paci
657 2099 783 2158 nutritor
804 2096 920 2160 clivam.
1088 2113 1131 2167 425

163 2179 252 2239 Poma
274 2198 406 2258 quoque,
429 2188 461 2242 ut
481 2182 609 2259 primum
631 2187 751 2241 truncos
771 2198 892 2242 sensere
917 2183 1045 2248 valentis

123 2266 151 2318 ot
173 2260 241 2319 viris
261 2261 391 2323 habuere
414 2281 493 2333 suas,
525 2264 561 2323 ad
581 2263 675 2324 sidera
696 2265 803 2341 raptim

124 2341 150 2398 vi
171 2343 290 2418 propria
312 2346 442 2405 nituntur
464 2346 585 2423 opisque
607 2346 677 2406 baut
697 2347 794 2425 indiga
816 2354 947 2410 nostrae.

122 2440 177 2483 nec
198 2424 293 2485 minus
315 2428 424 2487 interea
446 2427 507 2488 ictu
528 2446 631 2490 nemus
654 2448 739 2490 omne
761 2432 914 2508 gravescit,

120 2507 344 2585 sanguineisque
366 2509 472 2570 inculta
494 2509 601 2572 rubent
622 2513 727 2573 aviaria
749 2510 838 2573 bacis.
1086 2530 1131 2586 430

121 2589 278 2650 tondentur
302 2592 397 2670 cytisi,
421 2591 518 2652 taedas
540 2593 610 2654 silva
632 2594 688 2655 alta
710 2597 860 2666 ministrat,

119 2679 337 2750 pascunturque
358 2675 440 2751 ignes
461 2678 598 2737 nocturni
620 2684 648 2737 et
669 2677 777 2740 lumina
799 2679 938 2741 fundunt.

120 2756 189 2832 quid
211 2757 321 2815 maiora
343 2757 468 2835 sequar?
490 2757 592 2820 salices
613 2759 794 2840 humilesque
816 2762 949 2840 genistae

120 2845 170 2897 aut
189 2837 255 2897 illae
277 2840 377 2915 pecori
398 2839 532 2902 frondem
554 2851 603 2903 aut
624 2845 789 2920 pastoribus
811 2844 949 2909 umbram
1083 2861 1129 2916 435
1154 2874 1158 2879 ·

119 2920 266 2982 sufficiunt
288 2939 463 3000 saepemque
484 2927 552 2985 satis
575 2933 603 2985 et
623 2926 729 3003 pabula
751 2927 837 2988 melli.

119 3010 148 3064 et
168 3004 247 3064 iuvat
268 3005 425 3066 undantem
446 3007 524 3068 buxo
546 3015 678 3085 spectare
701 3012 837 3090 Cytorum

119 3086 317 3166 Naryciusque
339 3091 410 3166 picis
430 3089 529 3160 lucos,
551 3093 629 3152 iuvat
650 3110 717 3153 arva
740 3095 838 3154 videre

118 3186 178 3230 non
200 3171 314 3239 rastris,
337 3173 488 3234 hominum
509 3192 568 3233 non
591 3175 641 3234 ulli
664 3175 786 3237 obnoxia
810 3195 907 3239 curae.

118 3252 199 3330 ipsae
221 3253 365 3314 Caucasea
387 3255 499 3316 steriles
520 3257 550 3315 in
572 3259 678 3318 vertice
700 3258 797 3328 silvae,
1079 3279 1128 3333 440

119 3353 190 3412 quas
212 3338 333 3397 animosi
356 3340 418 3398 euri
440 3337 558 3398 adsidue
580 3339 775 3419 franguntque
796 3342 965 3421 feruntque,

119 3513 145 3559 re
165 3503 287 3560 dubitant
309 3505 432 3565 homines
453 3525 542 3566 serere
565 3518 644 3584 atque
666 3512 811 3586 inpendere
833 3514 969 3569 curaml·
1078 3528 1128 3585 433
