2512 4096
166 251 229 315 390
478 262 508 311 r.
531 259 675 310 vuuernr
698 259 858 310 naucum

167 436 264 499 neque
286 416 374 478 ullius
395 415 518 477 volantis
534 418 678 496 impetum
694 416 746 476 cisi

167 503 304 582 nequisse
326 502 502 580 praeterire,
527 501 587 560 sive
609 500 755 560 Mantuam

167 602 241 664 opus
262 585 340 645 iuret
360 583 459 645 volare
480 585 541 644 sire
562 583 701 644 Brixiam.

168 677 197 730 et
218 669 276 730 hcc
299 676 387 746 negat
408 667 575 747 Tryphonis
597 669 704 727 aemuli
725 665 850 729 domum

167 771 277 833 negare
298 751 426 813 nobilem
448 749 609 812 insulamve
631 748 754 820 Caeruli,

166 837 218 898 ubi
239 839 295 898 iste
315 846 383 915 post
403 835 529 897 Sabinus
550 841 618 895 ante
641 833 776 905 Quinctio

167 920 287 987 bidente
310 920 380 981 dicit
400 919 539 980 attodisse
560 919 661 979 icrssce

167 1011 282 1065 comata
304 1003 393 1075 colla,
426 1001 549 1079 nequod
575 1001 729 1063 horridum
749 1002 821 1080 iugc

167 1094 322 1168 premente
345 1087 419 1149 dura
441 1087 544 1146 volnus
565 1085 667 1146 ederet
687 1083 765 1145 iuba.

169 1173 314 1233 Cremona
335 1171 442 1249 irigida
465 1177 494 1232 et
514 1168 608 1230 lutosa
632 1167 733 1238 Gallia,

167 1255 221 1316 tibi
242 1256 317 1316 haec
337 1254 428 1316 luisse
450 1261 479 1314 et
501 1271 565 1314 esse
587 1252 785 1331 cognitissima

168 1342 209 1400 ait
230 1338 370 1400 Sabinus:
393 1338 494 1399 ultima
517 1357 553 1398 ex
575 1339 688 1415 origine

168 1430 218 1482 tua
240 1424 355 1484 stetisse
377 1421 448 1482 dicit
468 1424 499 1482 in
521 1424 669 1500 voragine,

168 1516 217 1567 tua
239 1508 270 1566 iu
291 1505 398 1585 palude
421 1506 569 1586 deposisse
591 1506 722 1565 sarcinas

168 1598 198 1651 et
219 1589 288 1649 iude
309 1595 353 1648 toi
373 1606 428 1668 per
450 1587 577 1649 orbitosa
599 1587 679 1648 milia

167 1675 269 1750 iugum
291 1671 407 1742 tulisse,
430 1671 510 1732 laeva
532 1673 592 1732 sire
615 1671 737 1733 dextera

168 1757 293 1835 strigare
315 1754 394 1816 mula
415 1757 475 1816 sire
496 1757 643 1835 utrimque
667 1764 812 1835 coeperat,

48 1847 50 1850 '
168 1858 265 1919 neque
286 1838 344 1900 ulla
366 1845 432 1900 vcta
453 1838 634 1900 semitalibus
657 1839 719 1901 deis

168 1923 225 1986 sibi
247 1941 311 1985 esse
332 1922 408 1984 iacta
430 1931 549 2002 praeter
570 1922 628 1984 hoc
649 1924 848 1995 novissimum,

167 2014 290 2088 paterna
312 2006 374 2068 lcra
396 2008 620 2087 proximumque
641 2009 796 2087 pectinem.

168 2090 221 2152 sed
242 2092 315 2152 haec
335 2092 417 2170 prius
439 2091 536 2152 luere:
560 2108 638 2152 nuuc
660 2091 789 2152 eburnea

169 2175 310 2254 sedetque
331 2174 402 2235 sede
424 2193 514 2254 seque
535 2174 652 2236 dedicat
672 2173 735 2246 tibi,

169 2257 294 2336 gemelle
317 2258 420 2320 Castor
442 2265 471 2318 et
493 2257 616 2336 gemelle
639 2259 776 2320 Castoris.

648 2437 705 2502 lx(

169 2558 288 2620 Scilicet
308 2559 366 2619 hcc
387 2560 450 2620 sine
472 2559 588 2635 fraude,
613 2559 680 2618 Vari
702 2557 885 2631 dulcissime,
910 2561 1030 2629 dicante

211 2642 390 2721 dispeream,
414 2645 539 2704 nisime
560 2640 689 2721 perdidit
707 2642 764 2703 iste
785 2649 883 2721 putus.

168 2727 215 2788 siu
238 2733 334 2787 autem
356 2734 515 2806 praecepta
537 2732 635 2786 vetant
657 2742 705 2785 me
727 2724 843 2798 dicere,
866 2745 940 2790 sane

210 2827 271 2870 uon
293 2808 402 2880 dicam,
426 2810 477 2870 sed
499 2828 547 2871 me
568 2807 698 2887 perdidit
718 2809 773 2868 iste
794 2828 878 2889 puer.

648 2997 675 3059 li

168 3093 286 3165 Villula,
309 3113 384 3174 quae
413 3097 525 3158 Sironis
548 3115 627 3169 eras,
651 3107 681 3159 et
702 3117 815 3179 pauper
835 3097 940 3178 agelie,

210 3195 312 3238 verum
334 3178 378 3239 illl
399 3179 518 3241 domiuo
540 3188 573 3242 tu
594 3200 711 3262 quoque
733 3181 857 3254 divitiae,

169 3277 216 3320 me
238 3259 291 3321 tihi
315 3268 344 3322 et
364 3261 419 3323 hos
441 3281 498 3323 una
519 3281 651 3334 mecum,
674 3283 749 3344 quos
769 3283 888 3345 semper
909 3270 1017 3340 amari,

211 3342 306 3421 siquid
328 3344 365 3404 de
386 3347 479 3423 patria
500 3347 613 3408 tristius
635 3349 764 3420 audiero,

170 3425 359 3496 commendo,
381 3429 413 3488 in
434 3429 595 3510 primisque
616 3439 740 3512 patrem.
763 3440 796 3492 tu
817 3449 897 3493 nuuc
918 3435 979 3495 eris
1000 3435 1049 3500 illi

210 3509 327 3570 llantua
349 3511 427 3590 quod
449 3511 545 3573 luerat
567 3516 703 3597 quodque
725 3517 870 3578 Cremona
890 3517 984 3596 prius.
