2512 4096
469 287 569 339 OOPA.
611 290 792 340 MORETUM.

122 455 243 524 atquae
262 443 393 523 virgineo
415 443 505 506 libata
526 444 662 506 Achelois
684 443 720 504 ab
743 462 829 506 amne

170 527 231 589 lilia
249 531 383 592 vimineis
405 531 499 592 attulit
519 534 550 591 in
573 529 702 595 calathis.

126 620 197 674 sunt
218 618 248 672 et
269 612 391 682 caseoli,
414 628 487 690 quos
509 613 607 690 sirpea
628 611 729 671 fiscina
751 612 850 682 siccat,

170 703 238 757 sunt
259 693 434 756 autumnalis
455 712 541 756 cerea
562 711 658 773 pruna
680 695 767 763 deae;

126 786 195 842 sunt
217 789 246 840 et
267 796 350 839 mora
373 785 494 839 cruenta
517 785 546 839 et
566 777 654 839 lentis
675 797 730 839 ura
751 781 877 840 racemis

169 870 200 924 et
219 861 353 942 pendens
373 865 462 922 iunco
483 861 636 924 caeruleus
658 865 789 924 cucumis

126 955 339 1027 castoreaeque
362 963 453 1008 nuces
475 953 505 1007 et
526 962 613 1008 suavo
633 945 771 1008 rubentia
792 946 885 1017 mala;

169 1038 212 1092 est
233 1030 282 1091 hic
303 1030 411 1092 munda
434 1031 537 1100 Ceres,
560 1038 606 1091 est
625 1031 731 1101 Amor,
755 1037 798 1092 est
819 1031 965 1115 Bromius

126 1123 171 1177 est
192 1115 292 1193 tuguri
313 1120 425 1185 custos,
449 1120 578 1175 armatus
601 1113 676 1174 ialce
698 1113 820 1192 saligna,

168 1199 220 1259 sed
242 1215 302 1258 non
325 1215 359 1257 ec
380 1205 460 1258 vasto
482 1206 527 1258 est
548 1199 668 1277 inguine
691 1197 840 1258 terribilis.

125 1282 184 1342 huc
207 1280 332 1360 calybita
353 1282 435 1341 reni:
458 1280 551 1342 lassus
572 1283 631 1342 iam
653 1281 739 1342 sudat
760 1280 881 1350 asellus;
982 1270 985 1275 ’

167 1382 257 1445 parce
278 1363 336 1434 illi,
359 1363 463 1426 Vestae
486 1362 624 1426 delicium
647 1372 692 1426 est
712 1366 820 1426 annus.

126 1466 206 1509 nunc
227 1455 315 1509 cantu
337 1447 442 1508 crebro
464 1455 606 1528 rumpunt
627 1448 746 1509 arbusta
768 1448 896 1518 cicadae,

168 1549 247 1592 nunc
274 1531 354 1592 varia
379 1532 411 1591 in
433 1531 529 1609 gelida
551 1548 639 1611 saepe
661 1531 772 1593 lacerta
793 1532 873 1593 latet.

124 1616 148 1676 si
171 1616 263 1694 sapis,
287 1614 395 1676 aestivo
416 1614 563 1676 recubans
585 1622 613 1676 te
634 1615 739 1694 prolue
760 1616 836 1676 vitro

167 1717 220 1759 seu
240 1700 284 1758 vis
306 1697 441 1777 crystallo
463 1699 544 1760 lerre
565 1716 657 1761 novos
678 1697 793 1761 calices.

124 1784 170 1843 eia
192 1800 246 1860 age
267 1782 424 1861 pampinea
446 1782 541 1844 lessus
561 1784 715 1863 requiesce
738 1783 792 1844 sub
813 1781 919 1844 umbra

166 1874 196 1926 et
217 1865 369 1944 gravidum
391 1883 478 1928 roseo
500 1875 586 1929 necte
607 1875 696 1947 caput
717 1866 859 1944 strophio,

123 1949 270 2010 lormosus
292 1956 412 2010 tenerae
435 1950 598 2028 decerpens
618 1966 672 2010 ora
694 1947 819 2027 puellae.

167 2052 183 2093 a
204 2040 308 2111 pereat
329 2033 377 2092 cui
398 2039 466 2093 sunt
486 2034 585 2111 prisca
606 2031 777 2111 supercidat

123 2115 194 2197 quni
217 2115 310 2175 cineri
331 2115 447 2193 ingrato
468 2132 568 2176 servas
589 2114 666 2175 bene
688 2115 797 2176 olentia
818 2113 914 2174 serta?

166 2216 243 2259 anne
266 2199 470 2260 coronatoris
492 2197 589 2277 lapide
611 2215 677 2259 ossa
698 2198 776 2276 tegit

123 2300 202 2363 ponc
223 2299 339 2343 merum
360 2288 398 2343 et·
411 2279 495 2342 talos.
517 2288 621 2360 pereat
642 2283 692 2361 qul
714 2283 841 2343 crastina
864 2289 947 2341 curat

165 2383 247 2427 mors
268 2382 371 2426 aurem
393 2363 504 2425 vellens
526 2366 647 2426 ‘vivite’
671 2367 719 2437 ait,
744 2366 875 2426 ‘venio’.

441 2623 816 2706 MORETUM.

164 2783 226 2844 Iam
249 2801 308 2844 nox
329 2782 470 2845 hibernas
491 2783 537 2844 bis
559 2786 689 2864 quinque
710 2789 869 2863 peregerat
889 2783 978 2843 boras

123 2864 434 2945 excubitorquetdicm
458 2873 546 2926 cantu
567 2867 755 2945 praedixerat
777 2865 846 2936 ales,
923 2931 933 2945 ,

123 2946 250 3033 simplus
273 2948 370 3026 exigui
391 2947 486 3008 autor
507 2966 574 3008 cum
596 2951 724 3010 rusticus
746 2950 818 3026 agri,

121 3032 217 3092 tristia
239 3039 380 3093 venturae
401 3038 536 3092 metuens
558 3033 666 3092 ieiunia
687 3031 769 3101 lucis,

123 3113 256 3176 membra
278 3114 354 3176 levat
374 3113 424 3174 vili
446 3116 556 3175 sensim
573 3116 699 3177 danissa
720 3112 843 3192 grabato

123 3197 305 3277 sollicitaque
327 3216 417 3261 manu
438 3197 578 3259 tenebras
600 3197 735 3278 explorat
755 3197 860 3258 inertis

123 3280 302 3362 vestigatque
325 3282 437 3353 locum,
460 3280 565 3344 laesus
579 3301 666 3362 quem
689 3282 815 3362 denique
836 3282 934 3344 scutit

122 3365 262 3446 parvulus
284 3373 385 3428 exusto
407 3366 580 3428 remanebat
601 3368 699 3447 stipite
720 3366 813 3427 lomes

124 3457 154 3511 et
175 3450 249 3510 cinis
271 3448 417 3512 obductae
439 3449 554 3513 celabat
575 3451 686 3513 lumina
708 3468 830 3530 prunae.

124 3533 260 3597 admovet
280 3534 327 3596 bis
348 3552 473 3615 pronam
495 3535 638 3597 submissa
660 3536 757 3596 fronte
778 3535 929 3596 lucernam

1077 277 1137 342 383

1106 453 1138 504 lo

1107 703 1139 756 18

1104 786 1136 837 21

1104 952 1137 1004 19
