2512 4096
143 249 205 315 284
473 261 618 316 vnnarm
639 260 766 310 sunnis
788 262 812 308 x

142 417 206 479 rme
225 416 271 497 (ω
291 416 405 478 coeno
426 417 516 479 ceum
537 416 641 477 comus
662 390 719 477 aia
740 415 850 478 suesco

143 507 173 562 et
197 501 368 563 tremefacta
399 498 462 561 solo
483 499 577 571 tellus,
600 499 666 561 silet
686 501 794 561 arduos
813 498 923 569 aether,
1209 556 1212 563 .

142 591 206 645 tum
226 582 346 664 zephyri
366 600 503 664 posuere,
525 585 634 661 premit
650 582 764 660 placida
785 600 913 661 aequora
933 582 1106 661 pontuslul⁸

144 666 283 745 ‘aecipite
303 683 374 744 ergo
398 667 503 728 animis
523 673 611 746 atque
632 667 706 728 haec
726 684 791 728 mea
812 667 892 745 ligite
913 666 999 727 dicta.
1205 675 1208 680 ·

142 749 379 829 quondoquidem
399 750 543 811 Ausonios
566 751 703 828 coniungi
723 749 843 812 loedere
864 750 987 811 Teucris
1109 758 1168 810 105

142 832 201 895 hau
226 831 347 903 licitum,
370 851 427 895 nec
448 840 544 895 vestra
565 834 642 912 cepit
662 833 810 895 discordia
831 834 934 894 linem:

143 934 220 995 quae
240 916 346 996 cuique
368 923 414 980 est
434 917 551 978 iortrma
573 916 670 984 hodie,
693 935 782 997 quam
804 917 926 995 quisque
948 923 1030 978 secat
1053 933 1153 996 spem,

143 998 218 1061 Tros
235 999 399 1062 Rutulusne
420 1001 482 1062 iuat
500 999 580 1062 nullo
599 1000 768 1061 discrimine
787 999 913 1062 habebo.

144 1081 212 1165 [seu
233 1083 299 1145 fetis
321 1083 425 1145 ltalum
444 1085 539 1146 castra
560 1081 713 1146 obsidione
735 1090 872 1146 tenentur

142 1167 203 1229 slve
225 1184 328 1229 errore
350 1166 427 1230 malo
449 1167 556 1228 Troiae
571 1169 748 1247 monitisque
766 1166 915 1249 sinistris]
1107 1176 1168 1228 lid

78 1267 81 1271 ·
142 1267 199 1312 nec
216 1249 343 1330 populos
364 1250 460 1311 solvo:
482 1268 535 1312 sua
554 1252 660 1329 ornique
679 1269 783 1312 exorsa
800 1250 934 1314 laborem

142 1333 350 1413 fortunamque
369 1334 475 1397 ferent
506 1352 560 1396 rex
581 1334 712 1414 luppiter
733 1334 869 1395 omnibus
889 1335 976 1396 idem.

142 1415 202 1477 lata
222 1417 297 1477 riam
316 1419 481 1479 invenient.⁸
513 1417 604 1498 Stygii
624 1437 679 1497 per
696 1418 817 1480 flumina
837 1418 944 1488 fratris,

142 1517 197 1581 per
218 1502 283 1579 pice
303 1502 442 1562 torrentis
465 1508 587 1582 atraque
608 1503 747 1581 voragine
766 1503 847 1580 ripas

144 1581 245 1644 adnuit
267 1592 296 1644 et
315 1590 411 1666 ¹totum
430 1591 505 1646 nutu
534 1584 701 1646 tremelecit
729 1583 894 1664 Olympum.
1105 1595 1165 1647 llo-

142 1665 190 1726 hic
208 1665 275 1726 linis
293 1665 382 1727 landi.
416 1667 489 1726 solio
512 1674 574 1728 tum
592 1668 723 1749 luppiter
744 1686 834 1730 aureo

142 1748 245 1825 surgit,
269 1747 425 1810 caelicolae
446 1749 576 1812 medium
597 1768 686 1829 quem
708 1751 745 1811 ad
766 1750 865 1811 limina
887 1751 1006 1812 ducunt

184 1830 299 1894 [nterea
319 1830 420 1893 Rutuli
440 1834 534 1910 portis
558 1834 670 1894 circum
692 1833 828 1895 omnibus
849 1835 958 1895 instant

142 1922 274 1977 sternere
294 1915 384 1977 caede
403 1917 481 1977 viros
504 1924 533 1979 et
552 1917 668 1979 moenia
688 1918 807 1996 cingere
827 1916 962 1979 llamnris.

142 2005 172 2059 at
192 1996 268 2077 legio
287 2000 456 2064 Aeneadum
476 1999 558 2062 vallis
580 1998 699 2062 obsessa
719 2008 845 2072 tendur,
1106 2012 1166 2064 120»

142 2099 198 2143 nec
219 2099 287 2161 spes
309 2080 367 2144 ulla
386 2083 483 2160 fugae.
517 2085 620 2147 miseri
642 2091 720 2146 stam
740 2084 872 2146 turribus
893 2084 956 2146 altis

141 2165 321 2245 nequiquam
342 2175 372 2227 et
388 2183 457 2228 rara
477 2186 579 2229 muros
600 2171 718 2230 cinxere
738 2186 847 2230 corona

140 2247 225 2311 Asius
245 2248 422 2311 Imbrasides
445 2251 690 2332 Hicetaoniusque
711 2252 887 2332 Thymoetes

140 2333 334 2413 Assaracique
355 2334 413 2394 duo
434 2342 464 2396 et
484 2336 583 2397 senior
601 2354 669 2398 eum
689 2336 808 2396 Cadere
826 2332 991 2415 Thymbris,

140 2416 237 2494 prima
259 2417 355 2488 aciem
378 2418 434 2478 hos
456 2421 589 2498 germani
611 2419 789 2498 Sarpedonis
810 2417 896 2480 ambo
1105 2431 1163 2483 lau-

141 2507 170 2559 et
191 2497 294 2562 Clarus
316 2508 345 2562 et
367 2499 519 2565 Thaemon
540 2503 627 2582 Lycia
648 2503 823 2563 comitantur
844 2500 880 2562 ab
903 2500 969 2563 alta.

140 2581 199 2643 iert
219 2583 323 2661 ingens
344 2591 406 2645 toto
430 2588 551 2648 conixus
572 2602 698 2663 corpore
718 2602 830 2654 saxum,

140 2664 211 2727 haut
230 2674 346 2745 partem
369 2670 503 2746 exiguam
525 2669 641 2738 montis,
664 2668 822 2747 Lyrnesius
843 2669 965 2738 Acmon,

140 2766 195 2811 nec
216 2749 307 2829 Clytio
330 2752 464 2830 genitore
481 2752 579 2811 minor
599 2768 656 2811 neo
676 2750 767 2812 lratre
788 2750 966 2814 Menestheo.

139 2831 171 2891 hi
192 2832 303 2904 iaculis,
327 2833 368 2895 illi
389 2840 504 2895 certant
525 2833 685 2896 defendere
707 2835 784 2895 saxis

139 2913 295 2995 molirique
316 2918 415 2995 ignem
436 2934 588 2996 nervoque
609 2925 709 2998 aptore
731 2920 858 2998 sagittas.

139 2999 202 3072 ipse
222 3000 299 3061 inter
319 2999 441 3071 medios,
464 3000 586 3067 Veneris
607 3003 765 3065 iustissima
785 3020 866 3072 eura,

140 3082 302 3144 Dardanius
325 3090 413 3162 caput
434 3102 503 3146 ecce
521 3104 597 3164 puer
616 3087 748 3155 detectum
768 3085 934 3156 honestum,

138 3162 232 3242 qualis
252 3181 370 3243 gemma
387 3169 484 3237 micat,
504 3169 614 3231 fulvom
635 3189 710 3249 quae
732 3170 832 3232 dividit
853 3186 967 3239 aurum,

138 3253 189 3307 aut
210 3247 286 3309 collo
308 3250 398 3313 decus
419 3259 468 3313 aut
490 3254 591 3332 capiti;
614 3253 659 3314 vel
680 3253 773 3334 quale,
789 3271 844 3332 per
864 3260 958 3315 artem
1102 3263 1156 3318 tto

137 3329 284 3393 inclusum
304 3333 385 3396 buxo
405 3343 455 3396 aut
471 3335 567 3398 Oricia
587 3335 754 3398 terebintho

137 3412 217 3477 lueet
238 3415 327 3487 ehur;
350 3419 432 3488 lusos
454 3420 552 3481 cervix
574 3419 622 3480 cul
642 3419 735 3482 lactea
755 3421 844 3482 crinis

131 3499 243 3570 accipit
263 3505 292 3562 et
308 3499 387 3563 molli
409 3501 586 3564 subnectens
610 3503 737 3566 circulus
759 3521 842 3566 auro.
