2512 4096
445 262 588 312 vesona
608 262 732 312 sunnis
751 263 802 312 xu
1065 251 1125 313 347

123 421 224 499 regina
247 427 279 479 ut
296 420 380 480 tectis
401 419 564 480 venientem
580 418 722 496 prospicit
738 417 862 487 hostem,
1075 424 1126 477 oso

124 503 231 564 incessi
251 518 363 573 muros,
381 503 456 580 ignis
478 501 515 562 ad
533 507 609 562 tecta
628 498 735 571 volare,

124 603 268 664 nusquam
290 587 367 646 acies
388 592 490 646 contra
512 582 642 655 Rutulas,
666 581 743 644 nulla
764 583 879 660 agmina
900 584 1007 644 Turni:

123 669 223 731 iuielix
244 685 359 746 pugnae
380 669 514 729 iuvenem
536 669 567 726 in
587 667 744 728 certamine
765 666 857 727 credit

125 752 282 813 extinctum
301 758 339 820 et,
362 751 457 812 subito
477 755 606 811 mentem
625 748 740 810 turbata
762 748 872 818 dolore,

124 853 156 895 se
177 851 294 895 causam
317 833 421 895 clamat
440 834 610 912 crimenque
630 840 776 911 caputque
795 831 947 899 malorum,

126 916 276 997 multaque
298 935 352 994 per
372 924 514 978 maestum
536 915 655 977 demens
678 916 760 976 eilata
780 915 912 977 furorem

123 1017 290 1079 purpureos
311 1000 453 1060 moritura
474 1016 562 1060 manu
584 998 718 1060 discindit
736 1000 859 1059 amictus

125 1090 155 1143 et
177 1081 286 1143 nodum
306 1082 439 1143 iniormis
459 1081 507 1144 leti
525 1081 610 1143 trabe
631 1083 720 1142 nectit
740 1080 777 1142 ab
800 1080 865 1142 elta.

126 1183 213 1244 quam
236 1164 347 1226 cladem
366 1167 490 1227 miserae
510 1171 665 1245 postquam
685 1182 827 1243 accepere
847 1163 976 1230 Latinae,

124 1246 182 1308 dila
203 1249 299 1327 prime
319 1265 406 1309 manu
425 1247 515 1308 iioros
534 1248 649 1309 Lavinia
671 1248 761 1308 crinis

125 1338 155 1391 et
177 1348 278 1391 roseas
299 1330 404 1392 laniata
425 1347 525 1407 genas,
547 1338 608 1391 tum
632 1337 730 1390 cetera
750 1330 861 1390 circum

124 1412 211 1474 turba
231 1413 316 1475 furit:
335 1421 475 1475 resonant
495 1412 552 1474 late
573 1411 763 1492 plangoribus
784 1410 881 1472 aedes.

124 1497 194 1557 hinc
214 1503 305 1557 totam
321 1497 422 1558 infelix
445 1494 576 1573 volgatur
598 1496 675 1556 lama
695 1513 749 1573 per
771 1493 885 1556 urbem.

125 1578 281 1639 demittunt
303 1586 431 1648 mentes:
453 1581 475 1641 it
498 1580 587 1640 scissa
607 1585 686 1639 veste
706 1578 835 1647 Latinus,

125 1663 258 1739 coniugis
279 1663 416 1723 attonitus
435 1661 500 1723 latis
520 1661 661 1742 urbisque
678 1663 773 1731 mino,

126 1744 261 1805 canitiem
280 1745 420 1806 inmundo
442 1745 590 1823 pertusam
611 1743 731 1823 pulvere
750 1751 881 1823 turpans.

166 1827 280 1888 interea
301 1834 433 1891 extremo
454 1827 577 1890 bellator
599 1830 629 1889 in
651 1846 781 1907 aequore
801 1829 919 1888 Turnus

124 1909 247 1990 palantis
266 1912 398 1989 sequitur
420 1929 530 1991 paucos
550 1912 608 1972 iam
628 1912 746 1989 segnior
768 1919 854 1989 atque

125 1996 184 2054 iam
205 1994 300 2054 minus
318 2001 406 2072 atque
427 1996 524 2055 minus
546 2010 685 2054 successu
706 1991 799 2053 laetus
820 2008 964 2070 equorum

126 2075 220 2137 attulit
241 2076 320 2136 hunc
342 2075 383 2136 illi
405 2078 498 2137 caecis
516 2074 679 2136 terroribus
696 2092 767 2135 eura

126 2158 314 2221 commixtum
335 2156 492 2219 clamorem
515 2164 701 2234 arrectasque
722 2155 837 2235 impulit
855 2155 933 2216 auris

127 2241 265 2303 contusae
282 2258 372 2301 sonus
392 2240 475 2302 urbis
494 2248 523 2301 et
539 2237 704 2301 inlaetabile
726 2256 869 2300 murmur.

128 2325 171 2385 ‘ei
190 2324 275 2384 mihi!
297 2324 367 2402 quid
388 2330 468 2384 tanto
488 2321 645 2384 turbantur
665 2323 779 2384 moenia
799 2321 899 2383 luctui

127 2409 226 2486 quisve
244 2407 303 2466 ruit
321 2413 418 2467 tantus
439 2407 551 2468 diversa
573 2405 683 2466 clamor
705 2404 742 2466 ab
765 2404 873 2466 urbei'

126 2492 168 2552 sic
188 2491 229 2550 ait
246 2489 435 2568 adductisque
455 2507 555 2551 amens
576 2487 706 2550 subsistit
726 2487 859 2549 habenis.

126 2581 213 2651 atque
234 2572 311 2642 huic,
333 2573 364 2632 in
385 2570 489 2634 faeiem
509 2589 594 2632 soror
616 2579 648 2632 ut
668 2589 808 2633 conversa
827 2571 937 2633 Metisci

127 2656 245 2732 aurigae
267 2673 446 2736 currumque
467 2663 497 2717 et
515 2674 605 2736 equos
626 2662 655 2716 et
675 2655 738 2716 lora
758 2654 890 2732 regebat,

126 2739 231 2800 talibus
250 2740 378 2801 occurrit
399 2739 498 2801 dictis:
521 2739 601 2810 ‘hae
623 2737 731 2808 Turne,
755 2755 912 2816 sequamur

126 2821 318 2900 Troiugenas,
338 2841 395 2902 qua
417 2823 510 2902 prima
530 2824 605 2882 viam
623 2823 744 2882 victoria
765 2822 881 2900 pandit;

126 2913 195 2965 sunt
215 2904 272 2973 alii,
294 2907 345 2982 qui
365 2912 441 2966 tecta
460 2923 550 2966 manu
570 2904 726 2965 defendero
745 2905 867 2984 possint.

128 2987 238 3063 ingruit
255 2985 367 3046 deneas
388 2986 467 3047 ltalis
487 2994 517 3047 et
536 2985 648 3062 proelia
667 2987 785 3046 miscet:

128 3076 157 3130 et
178 3085 232 3129 nos
253 3085 337 3129 saeva
357 3085 446 3128 manu
468 3069 615 3128 mittamus
637 3067 740 3128 lunera
758 3066 889 3128 Teucris.

127 3169 184 3214 uec
204 3168 327 3211 numero
347 3151 468 3213 inierior
486 3168 602 3230 pugnae
618 3166 674 3210 uec
693 3149 806 3210 honore
827 3146 966 3210 recedes!

128 3233 246 3295 Turnus
268 3233 304 3294 ad
324 3235 398 3296 baec

128 3406 265 3480 multaque
279 3421 309 3462 se
323 3406 437 3469 incunt,
452 3405 499 3480 qni
516 3421 573 3462 non
586 3405 720 3478 acceperit
735 3411 797 3460 ante

128 3489 284 3548 dardanium
298 3490 405 3546 Aenean
419 3504 603 3565 generumque
617 3486 758 3545 adsciverit
772 3483 855 3543 uitro.
