2512 4096
453 309 737 359 vnnermannnrs
753 310 817 358 v111
1078 296 1137 357 251

126 482 207 528 nuno
224 464 360 536 manibus
381 465 499 544 rapidis,
522 466 601 527 omni
622 483 701 526 nuno
723 472 786 526 arte
808 467 957 542 magistra.

124 549 315 628 praecipitate
335 549 452 612 moras.'
485 567 541 612 nec
560 550 646 629 plura
668 550 786 617 effatum
810 557 839 609 at
858 548 898 609 illi

126 633 208 695 ocius
229 633 391 696 incubuere
414 652 516 696 omnes
536 635 706 713 pariterque
727 631 859 693 laborem

126 718 229 778 sortiti.
263 714 326 778 fluit
348 736 397 780 aes
419 719 488 780 rivis
511 720 634 799 aurique
653 716 811 788 metallum,

125 799 335 881 volnificusque
357 802 477 883 ohalyps
498 809 577 864 vasta
598 801 719 863 iornaoe
739 800 883 882 liquescit.

125 887 273 963 ingentem
296 885 423 965 clipeum
445 885 615 958 informant,
636 903 727 946 unum
746 885 844 945 omnia
866 892 968 944 contra

125 967 183 1031 tela
204 969 384 1042 Latinorum,
406 978 603 1051 septenosque
625 969 747 1031 orbibus
770 968 859 1029 orbes

76 1096 77 1101 η
128 1053 301 1131 impediunt.
336 1053 383 1115 alii
404 1056 530 1117 ventosis
550 1054 671 1116 follibus
693 1071 780 1115 auras

125 1137 273 1215 accipiunt
291 1138 485 1218 redduntque,
509 1138 557 1200 alii
579 1139 731 1200 stridentia
754 1138 869 1216 tingunt

125 1237 194 1280 aera
212 1217 287 1280 lacu.
320 1223 411 1296 gemit
431 1222 574 1301 impositis
594 1221 752 1284 incudibus
774 1229 901 1281 antrum.

125 1303 164 1363 uli
183 1303 261 1364 inter
280 1321 345 1365 sese
367 1306 504 1367 multari
525 1305 664 1367 bracchia
686 1303 794 1367 tollunt

124 1388 153 1447 in
174 1404 330 1449 numerum
353 1395 529 1468 versantque
550 1392 648 1451 tenaci
669 1390 783 1468 forcipe
805 1405 940 1449 massam.

166 1469 246 1532 llaec
266 1477 351 1551 pater
373 1472 481 1534 Aeoliis
501 1481 643 1551 properat
661 1473 731 1534 dum
753 1473 892 1534 Lemnius
911 1473 979 1541 oris,

124 1553 297 1616 Euandrum
319 1573 354 1616 ex
376 1555 479 1618 humili
495 1561 575 1618 tecto
596 1556 647 1616 lux
669 1560 796 1620 suscitat
810 1555 884 1617 alma

124 1646 153 1698 et
174 1640 309 1700 matutini
330 1640 483 1702 voluerum
505 1651 559 1701 snb
583 1642 709 1703 crumino
729 1646 841 1705 canina.

124 1723 275 1800 consurgit
296 1725 394 1785 senior
414 1727 571 1803 tunicaque
592 1725 741 1787 inducitur
762 1731 843 1786 artus

123 1815 152 1867 et
174 1805 326 1886 Tyrrhena
343 1806 452 1886 pedum
474 1808 637 1877 circumdat
656 1808 771 1871 vincula
793 1807 916 1887 plantis;

122 1897 185 1951 tum
205 1889 292 1953 lateri
308 1900 396 1972 atque
414 1894 524 1955 umeris
542 1894 709 1972 Tegeaeum
727 1891 855 1968 subligat
873 1909 983 1962 ensem,

123 1974 249 2034 demissa
270 1975 307 2036 ab
329 1975 412 2038 laeva
433 1978 597 2055 pantherea
616 1984 701 2054 terga
719 1981 905 2053 retorquens.

123 2074 179 2117 nec
201 2075 261 2117 non
283 2066 312 2119 et
333 2061 442 2136 gemini
460 2059 597 2121 custodes
617 2059 718 2129 limine
737 2056 774 2118 ab
797 2055 856 2118 alto

122 2140 305 2219 praecedunt
326 2159 518 2221 gressumque
541 2159 629 2203 canes
649 2143 826 2202 comitantur
848 2137 959 2200 erilem.

122 2223 247 2303 hospitis
266 2224 382 2286 Aeneae
400 2225 501 2287 sedem
523 2232 552 2286 et
572 2231 686 2287 secreta
706 2222 827 2305 petebat

122 2325 293 2370 sermonum
314 2327 429 2369 memor
451 2316 481 2371 et
500 2310 642 2389 promissi
661 2309 792 2371 muneris
812 2307 910 2368 beros.

124 2410 181 2453 nec
201 2394 300 2454 minus
321 2395 435 2454 Aeneas
455 2411 488 2456 se
508 2394 667 2454 matutinus
686 2392 802 2472 agebat.

122 2475 198 2536 lilius
217 2475 286 2536 huic
309 2475 412 2547 Pallas,
435 2475 477 2538 illi
499 2495 599 2539 eomes
620 2477 681 2538 ibat
700 2477 835 2538 Achates.

124 2560 275 2637 congressi
296 2561 420 2639 inngrmt
441 2559 558 2623 dextras
580 2561 743 2641 mediisque
762 2560 898 2621 residunt

122 2642 242 2706 aedibus
265 2650 294 2706 et
314 2643 394 2706 licito
413 2645 531 2707 tandem
553 2662 690 2706 sermone
710 2645 858 2706 fruuntur.

121 2746 175 2790 rex
195 2730 278 2807 prior
301 2729 389 2792 baec:

121 2820 273 2874 'maxume
292 2813 477 2877 Teucrorum
499 2813 613 2886 ductor,
634 2831 693 2892 quo
715 2817 825 2893 sospite
846 2829 1007 2892 numquam

121 2912 169 2955 res
191 2897 326 2974 equidem
347 2896 452 2959 Troiae
474 2900 565 2959 rictas
586 2906 637 2960 aut
656 2915 748 2977 regna
771 2897 895 2967 fatebor,

121 2978 207 3039 nobis
228 2978 265 3039 ad
285 2978 355 3041 belli
378 2980 518 3042 auxilium
538 2999 594 3059 pro
615 2985 734 3044 nomine
756 2988 838 3043 tanto

123 3062 245 3140 exiguae
264 3063 355 3124 vires:
378 3063 447 3125 hinc
468 3065 565 3126 Tusco
585 3065 748 3127 claudimur
770 3067 857 3135 amni,

121 3144 191 3206 hinc
211 3145 337 3209 Rutulus
356 3147 465 3229 promit
487 3156 517 3210 et
534 3166 654 3211 murum
676 3152 873 3225 circumsonat
892 3152 992 3211 armis.

121 3229 174 3290 sed
194 3228 248 3292 tibi
269 3249 324 3311 ego
345 3232 471 3312 ingentis
490 3232 616 3312 populos
638 3232 834 3314 opulentaque
855 3236 956 3311 regnis

120 3313 244 3390 iungere
265 3323 360 3376 castra
381 3334 465 3395 paro,
488 3335 577 3396 quam
594 3318 656 3378 iors
674 3319 794 3396 inopina
815 3315 938 3377 salutem

121 3404 261 3459 ostentat:
283 3399 351 3460 latis
366 3400 425 3462 buo
446 3407 475 3462 te
496 3401 686 3480 poscentibus
706 3402 814 3463 adfers.

120 3479 191 3543 baut
212 3482 318 3563 procul
337 3483 407 3545 bino
426 3502 496 3547 saxo
517 3485 656 3547 incolitur
671 3484 793 3546 lundata
813 3491 927 3545 vetusto

123 3564 202 3627 urbis
221 3565 370 3647 Agyllinae
392 3567 485 3639 sedes,
505 3568 558 3631 ubi
578 3569 669 3650 Lydia
686 3569 834 3648 quondam
