2512 4096
289 802 827 882 nvnnomrntnours

217 978 261 1072 A
312 978 355 1073 E
405 977 453 1073 N
503 977 546 1072 E
597 977 623 1073 Ι
674 976 721 1074 D
775 977 819 1073 O
873 975 905 1072 S

388 1149 501 1205 utnon
531 1148 736 1205 SECVNDVS

491 1345 616 1358 *-

99 1482 276 1545 Conticuere
298 1494 400 1537 omnes
420 1476 581 1556 intentique
599 1495 651 1538 ora
672 1477 819 1539 tenebant.

57 1566 125 1629 iude
145 1573 212 1626 toro
233 1571 317 1641 pater
337 1561 450 1622 Aeneas
471 1560 513 1621 sio
535 1579 620 1624 orsus
639 1561 676 1622 ab
700 1561 774 1623 alto:

58 1647 239 1717 ‘iniandum,
258 1646 375 1721 regina,
398 1643 483 1705 iubes
503 1662 646 1706 renovare
668 1645 809 1708 dolorem.

57 1731 200 1794 Troianas
221 1738 254 1790 ut
276 1745 347 1806 opes
367 1735 398 1789 et
415 1726 602 1790 lamentabile
618 1746 744 1807 regnum

58 1815 190 1878 eruerint
209 1812 313 1879 Danai,
337 1829 471 1890 quaeque
491 1813 553 1888 ipse
574 1813 737 1874 miserrima
760 1813 815 1873 vidi

59 1908 89 1960 et
110 1914 237 1977 quorum
259 1913 328 1972 pars
345 1913 451 1972 magna
473 1893 530 1965 lui,
552 1898 617 1973 quis
637 1895 704 1956 talia
721 1895 809 1956 lando

60 1980 271 2060 Myrmidonum
292 1978 474 2056 dolopumve
495 1985 545 2038 aut
565 1979 631 2039 ouri
649 1977 732 2040 miles
748 1978 823 2040 Ulixi

60 2072 204 2142 temperet
225 2081 241 2122 a
264 2061 412 2122 lacrimis?
432 2069 461 2121 et
481 2062 538 2121 iam
560 2079 619 2121 nox
639 2061 737 2121 umida
757 2060 838 2122 eaelo

60 2148 232 2226 praecipitat
253 2145 433 2223 suadentque
454 2144 585 2205 cadentia
604 2144 699 2204 sidera
721 2161 849 2205 somnos.

59 2229 149 2292 sedai
170 2237 266 2290 tantus
287 2246 370 2288 amor
390 2244 475 2287 oasus
497 2244 675 2303 cognoscere
696 2236 813 2286 nostros

60 2313 238 2376 utbreviter
259 2311 365 2371 Troiae
386 2328 558 2388 supremum
579 2311 681 2370 audire
703 2309 850 2379 laborem,

60 2413 239 2474 quamquam
260 2400 375 2454 animus
397 2395 563 2455 meminisse
583 2394 685 2454 horret
705 2391 844 2473 luctuque
864 2393 985 2470 refugit,

60 2479 206 2558 incipiam.
249 2479 333 2538 tracti
354 2476 431 2538 bello
453 2478 577 2556 latisque
597 2476 707 2554 repulsi

60 2562 199 2624 ductores
217 2561 365 2629 llanaum,
388 2569 431 2620 tot
454 2564 510 2622 iam
533 2561 697 2623 labentibus
719 2577 802 2622 annis

61 2646 152 2707 instar
172 2645 279 2706 montis
300 2662 385 2705 ecum
407 2645 500 2704 divina
520 2643 645 2705 Palladis
667 2652 730 2705 arte
828 2655 902 2681 s

62 2727 216 2790 aedificant
234 2737 372 2804 sectaque
393 2729 526 2788 intexunt
546 2727 641 2789 abiete
662 2735 771 2788 costae:

62 2821 161 2871 votum
182 2829 238 2888 pro
261 2811 358 2872 reditu
377 2809 527 2879 simulant,
550 2830 583 2871 ea
605 2811 682 2871 lama
699 2819 830 2890 vagatur.

63 2895 121 2955 hur.
143 2893 255 2955 deleota
274 2894 365 2953 virum
389 2894 482 2953 sortiti
500 2911 625 2971 corpora
645 2894 746 2954 lurtim
834 2914 911 2931 μ’

63 2977 215 3039 ineiudunt
236 2993 323 3038 caeco
344 2975 441 3045 lateri,
463 2977 635 3054 penitusque
656 2995 794 3037 cavernas

63 3062 189 3138 ingentis
210 3069 386 3139 uterumque
405 3069 516 3119 armato
538 3058 628 3119 milite
650 3058 805 3137 complent.

105 3144 157 3206 Est
174 3145 204 3205 in
222 3151 381 3222 conspeetu
402 3142 552 3213 Tenedos,
575 3142 723 3203 notissima
745 3144 820 3202 lama

63 3226 173 3297 insula,
195 3228 274 3288 diros
296 3246 400 3306 opum,
422 3226 531 3289 Priami
551 3226 620 3287 dum
641 3243 733 3305 regna
753 3226 926 3293 manebant,

63 3328 143 3376 nuno
163 3317 275 3372 mutum
296 3314 377 3372 sinus
399 3319 429 3371 et
447 3312 531 3373 statio
550 3308 626 3372 male
649 3311 706 3372 dda
728 3309 849 3370 earinis:

64 3394 124 3456 hue
143 3412 176 3456 se
195 3395 327 3473 proraoti
347 3394 464 3455 deserto
485 3396 515 3455 in
535 3394 621 3456 litore
642 3394 790 3455 condunt·

64 3494 120 3539 noe
138 3476 243 3539 abiisse
264 3477 320 3538 rati
342 3483 370 3537 et
390 3484 477 3536 vento
499 3481 615 3555 petiisse
637 3477 785 3556 Mycenas:
