2512 4096
462 236 606 285 vunnim
627 235 751 286 annms
775 236 823 284 11·
1082 225 1141 289 tta

122 392 243 477 inplicat
269 400 298 454 et
317 392 441 454 miseros
463 409 564 454 morsu
585 391 751 470 depascitur
773 400 869 461 artus;
1090 403 1141 459 stt

122 485 191 563 post
211 478 309 556 ipsum
329 475 435 538 anxilio
456 475 630 538 subeuntem
653 493 688 536 ac
709 473 766 536 tela
787 476 931 537 terentem

118 561 289 642 corripiunt
310 561 456 640 spirisque
479 559 569 639 ligent
589 558 770 637 ingentibus,
794 566 823 621 et
844 559 901 621 ism

122 644 170 711 bis
189 644 322 709 medium
343 644 483 722 amplexi,
505 643 552 704 bis
572 641 647 704 collo
666 660 804 721 squamea
827 644 937 704 circum

122 736 207 811 terga
228 729 289 791 dati
306 736 446 808 superant
470 730 564 807 capite
587 734 616 788 et
637 727 800 789 cervicibus
822 725 896 788 altis.

122 812 172 876 ille
191 809 279 875 simul
301 812 436 874 manibus
458 811 550 874 tendit
569 809 707 873 divellere
727 811 821 872 nodos

123 897 262 979 pminsus
283 897 363 958 sanie
383 896 468 957 vittas
488 903 610 974 atroque
631 912 759 966 veneno,

125 980 271 1045 clcmores
292 977 379 1042 simul
400 979 567 1042 horrendos
588 979 625 1041 ad
646 979 743 1041 sidera
763 976 852 1048 tollit,

124 1063 219 1147 qualis
240 1065 385 1142 mugitus,
407 1064 481 1144 ingit
503 1082 571 1125 cum
592 1063 709 1125 saucius
729 1081 811 1125 aram

125 1156 229 1212 murus
252 1156 281 1209 et
297 1149 440 1211 incertam
463 1149 590 1209 excussit
610 1147 723 1210 cervice
741 1148 877 1209 securim.

126 1239 155 1295 at
175 1232 286 1311 gamini
306 1230 391 1312 lapsu
413 1229 536 1294 delubra
558 1232 594 1293 ad
617 1249 731 1293 summa
754 1232 897 1292 dracones

126 1316 269 1395 effugiunt
288 1333 450 1398 saevaeque
468 1323 572 1394 petunt
593 1316 752 1376 Tritonidis
773 1332 886 1385 arcem,

124 1399 181 1463 sub
200 1399 385 1480 pedibusque
407 1400 480 1461 deae
500 1399 646 1480 clipeique
662 1399 717 1460 sub
740 1399 813 1461 orbe
826 1405 976 1477 teguntur.

125 1491 188 1548 tum
209 1500 279 1546 vero
298 1483 469 1546 tremefacta
490 1493 583 1547 novos
604 1501 660 1563 por
680 1490 801 1561 pectora
824 1483 937 1544 cunctis

125 1568 253 1631 insinuat
270 1585 377 1649 paror,
400 1574 430 1630 et
448 1567 544 1630 scelus
562 1567 736 1647 expendisse
756 1575 918 1629 merentem

125 1651 293 1715 Laocoonta
311 1653 425 1723 lerunt,
455 1670 572 1714 sacrum
594 1653 643 1732 qui
667 1652 787 1730 cuspide
808 1650 901 1712 robur

128 1735 247 1798 laeserit
269 1743 298 1798 et
316 1743 402 1814 tergo
421 1735 593 1798 sceleratam
614 1737 763 1798 intorserit
784 1736 907 1797 hastam.

128 1818 293 1883 lucendum
315 1821 352 1882 ad
372 1820 458 1882 sedes
479 1820 668 1882 simulacrum
691 1819 860 1898 orandaque
882 1819 963 1880 divae

126 1905 247 1967 nmnlna
269 1904 462 1966 conclament.

126 1986 280 2050 diridimm
300 2006 403 2050 nnnos
426 1996 455 2050 et
475 1990 589 2049 moenia
611 1986 767 2066 pandimus
786 1986 878 2047 urbis

127 2073 283 2150 accingunt
304 2089 407 2134 omnes
429 2074 526 2152 operi,
554 2071 738 2151 pedibusque
759 2077 892 2130 rotarum
1004 2092 1007 2097 ·

125 2153 274 2218 subiciunt
292 2156 409 2235 lapsus,
430 2164 458 2218 et
481 2164 604 2235 stuppea
624 2152 738 2214 vincula
759 2150 834 2213 collo

125 2239 290 2301 intendunt.
336 2240 448 2302 scandit
469 2238 563 2300 fatalis
583 2236 717 2297 machina
739 2253 841 2297 muros

125 2323 184 2385 leta
208 2324 307 2385 armis.
351 2327 436 2404 pueri
457 2325 568 2384 circum
589 2323 786 2399 innuptaeque
808 2318 923 2398 puellae

78 2430 82 2439 ·
125 2424 211 2469 sacra
232 2414 341 2470 canunt
360 2408 521 2488 funemque
542 2423 632 2467 manu
655 2406 826 2482 contingere
849 2403 984 2483 gaudent.

125 2489 174 2553 illa
195 2489 275 2554 subit
294 2492 467 2572 mediaeque
489 2493 604 2553 minans
625 2488 763 2551 inlabitur
784 2488 862 2550 urbi.

126 2593 144 2635 o
164 2576 275 2654 patria,
295 2594 314 2637 o
333 2576 429 2638 divom
451 2577 555 2639 domus
576 2574 660 2637 ilium
684 2582 714 2636 et
733 2573 842 2635 incluta
862 2570 940 2633 bello

125 2659 240 2720 moenia
261 2660 473 2722 Dardanidum!
495 2667 599 2740 quater
620 2661 684 2738 ipso
705 2660 737 2719 in
753 2658 853 2720 limine
871 2665 975 2735 portae

125 2739 253 2804 substitit
275 2751 363 2822 etque
382 2752 468 2807 ntero
489 2746 616 2807 sonitum
638 2750 741 2822 quater
762 2760 845 2805 arma
867 2741 989 2802 dedere:

125 2825 267 2888 instamus
288 2834 387 2891 umen
406 2830 585 2891 inmemores
607 2830 744 2906 caecique
765 2829 881 2895 lurore,

126 2916 156 2970 et
176 2918 342 2974 monstrum
360 2911 461 2974 inielix
481 2918 595 2973 sacrata
616 2912 745 2972 sistimus
767 2929 845 2972 arce.

93 2998 197 3054 *tunc
219 2996 306 3057 etiem
326 2995 392 3057 iatis
413 2998 507 3074 aperit
528 2995 692 3056 Cassandra
713 2996 819 3056 futuris

126 3092 179 3138 ora
202 3077 250 3139 dei
271 3081 353 3142 iussu
374 3097 436 3140 non
458 3096 599 3158 umquam
619 3078 729 3139 credita
748 3078 886 3140 Teucris:
907 3118 933 3133 ι

124 3176 180 3220 nos
197 3160 322 3224 delubra
343 3164 430 3226 deum
451 3165 568 3233 miseri,
592 3162 699 3242 quibus
722 3162 840 3224 ultimus
864 3170 940 3225 esset

124 3241 174 3304 ille
194 3243 273 3316 dies,
295 3247 368 3309 festa
386 3247 515 3311 volamus
535 3245 641 3309 ironde
659 3265 713 3328 per
735 3247 849 3310 urbem.

167 3325 296 3390 Vertitur
320 3332 430 3394 interea
455 3333 568 3395 caelum
590 3339 620 3394 et
641 3333 701 3394 ruit
721 3332 837 3395 Oceano
852 3350 910 3395 nox

124 3409 274 3474 involvens
294 3413 401 3476 umbra
418 3434 525 3496 magna
546 3424 716 3496 terramque
736 3416 897 3498 polumque

126 3492 398 3575 ilqrmidonumqno
419 3499 517 3570 dolos;
537 3501 595 3562 iusi
617 3517 671 3577 per
693 3503 808 3563 moenia
825 3502 932 3564 'leucri

178 3609 311 3657 usust.
330 3613 445 3650 vnsoxn.
913 3597 932 3661 8
