<?xml version="1.0" encoding="UTF-8"?>
<!DOCTYPE html PUBLIC "-//W3C//DTD XHTML 1.0 Transitional//EN"
    "http://www.w3.org/TR/xhtml1/DTD/xhtml1-transitional.dtd">
<html xmlns="http://www.w3.org/1999/xhtml" xml:lang="en" lang="en">
 <head>
  <title>
</title>
<meta http-equiv="Content-Type" content="text/html;charset=utf-8" />
  <meta name='ocr-system' content='tesseract 3.04.00' />
  <meta name='ocr-capabilities' content='ocr_page ocr_carea ocr_par ocr_line ocrx_word'/>
</head>
<body>
  <div class='ocr_page' id='page_1' title='image "./pvergilimaronis12virggoog/pvergilimaronis12virggoog_0243.png"; bbox 0 0 2512 4096; ppageno 0'>
   <div class='ocr_carea' id='block_1_1' title="bbox 198 263 871 325">
    <p class='ocr_par' dir='ltr' id='par_1_1' title="bbox 198 263 871 325">
     <span class='ocr_line' id='line_1_1' title="bbox 198 263 871 325; baseline -0.003 -1"><span class='ocrx_word' id='word_1_1' title='bbox 198 263 258 324; x_wconf 76' lang='lat'><strong>212</strong></span> <span class='ocrx_word' id='word_1_2' title='bbox 538 275 681 322; x_wconf 77' lang='lat' dir='ltr'><strong>vuaorur</strong></span> <span class='ocrx_word' id='word_1_3' title='bbox 698 277 822 325; x_wconf 75' lang='lat' dir='ltr'><strong>aunum</strong></span> <span class='ocrx_word' id='word_1_4' title='bbox 837 277 871 324; x_wconf 86' lang='lat' dir='ltr'><strong>vr</strong></span> 
     </span>
    </p>
   </div>
   <div class='ocr_carea' id='block_1_2' title="bbox 43 430 1216 767">
    <p class='ocr_par' dir='ltr' id='par_1_2' title="bbox 198 430 1216 592">
     <span class='ocr_line' id='line_1_2' title="bbox 199 430 1216 509; baseline 0.003 -19"><span class='ocrx_word' id='word_1_5' title='bbox 199 430 320 508; x_wconf 89' lang='lat' dir='ltr'><strong>quisque</strong></span> <span class='ocrx_word' id='word_1_6' title='bbox 342 447 410 490; x_wconf 90' lang='lat' dir='ltr'><strong>suos</strong></span> <span class='ocrx_word' id='word_1_7' title='bbox 431 430 557 507; x_wconf 89' lang='lat' dir='ltr'><strong>patimur</strong></span> <span class='ocrx_word' id='word_1_8' title='bbox 579 431 688 498; x_wconf 89' lang='lat' dir='ltr'><strong>manis;</strong></span> <span class='ocrx_word' id='word_1_9' title='bbox 711 431 815 491; x_wconf 80' lang='lat' dir='ltr'>exinde</span> <span class='ocrx_word' id='word_1_10' title='bbox 834 448 888 508; x_wconf 93' lang='lat' dir='ltr'><strong>per</strong></span> <span class='ocrx_word' id='word_1_11' title='bbox 910 431 1038 509; x_wconf 75' lang='lat' dir='ltr'><strong>arripiam</strong></span> <span class='ocrx_word' id='word_1_12' title='bbox 1166 443 1216 499; x_wconf 72' lang='lat'><strong>743</strong></span> 
     </span>
     <span class='ocr_line' id='line_1_3' title="bbox 198 511 990 592; baseline 0.003 -20"><span class='ocrx_word' id='word_1_13' title='bbox 198 515 338 573; x_wconf 79' lang='lat' dir='ltr'><strong>mittimur</strong></span> <span class='ocrx_word' id='word_1_14' title='bbox 359 511 487 592; x_wconf 81' lang='lat' dir='ltr'><strong>Elysium</strong></span> <span class='ocrx_word' id='word_1_15' title='bbox 508 521 537 574; x_wconf 89' lang='lat' dir='ltr'><strong>et</strong></span> <span class='ocrx_word' id='word_1_16' title='bbox 556 515 642 589; x_wconf 90' lang='lat' dir='ltr'><strong>pauci</strong></span> <span class='ocrx_word' id='word_1_17' title='bbox 665 512 739 574; x_wconf 89' lang='lat' dir='ltr'><strong>laeta</strong></span> <span class='ocrx_word' id='word_1_18' title='bbox 758 532 826 575; x_wconf 90' lang='lat' dir='ltr'><strong>arva</strong></span> <span class='ocrx_word' id='word_1_19' title='bbox 848 524 990 574; x_wconf 80' lang='lat' dir='ltr'><strong>tenemus.</strong></span> 
     </span>
    </p>

    <p class='ocr_par' dir='ltr' id='par_1_3' title="bbox 43 594 1216 767">
     <span class='ocr_line' id='line_1_4' title="bbox 43 594 1216 676; baseline 0.001 -21"><span class='ocrx_word' id='word_1_20' title='bbox 43 603 46 608; x_wconf 82' lang='lat'>&#39;</span> <span class='ocrx_word' id='word_1_21' title='bbox 126 632 129 637; x_wconf 91' lang='lat'>-</span> <span class='ocrx_word' id='word_1_22' title='bbox 198 596 250 656; x_wconf 88' lang='lat' dir='ltr'><strong>has</strong></span> <span class='ocrx_word' id='word_1_23' title='bbox 269 598 377 666; x_wconf 90' lang='lat' dir='ltr'><strong>omnis,</strong></span> <span class='ocrx_word' id='word_1_24' title='bbox 398 595 449 656; x_wconf 91' lang='lat' dir='ltr'><strong>ubi</strong></span> <span class='ocrx_word' id='word_1_25' title='bbox 471 594 551 656; x_wconf 80' lang='lat' dir='ltr'><strong>ndlle</strong></span> <span class='ocrx_word' id='word_1_26' title='bbox 568 603 663 656; x_wconf 91' lang='lat' dir='ltr'><strong>rotam</strong></span> <span class='ocrx_word' id='word_1_27' title='bbox 685 595 801 658; x_wconf 83' lang='lat' dir='ltr'><strong>volvere</strong></span> <span class='ocrx_word' id='word_1_28' title='bbox 823 616 876 676; x_wconf 90' lang='lat' dir='ltr'><strong>per</strong></span> <span class='ocrx_word' id='word_1_29' title='bbox 898 615 1004 665; x_wconf 89' lang='lat' dir='ltr'><strong>annos,</strong></span> <span class='ocrx_word' id='word_1_30' title='bbox 1165 615 1216 668; x_wconf 70' lang='lat'><strong>748</strong></span> 
     </span>
     <span class='ocr_line' id='line_1_5' title="bbox 198 679 1052 767; baseline 0.002 -28"><span class='ocrx_word' id='word_1_31' title='bbox 198 679 356 740; x_wconf 79' lang='lat' dir='ltr'>Lethaeum</span> <span class='ocrx_word' id='word_1_32' title='bbox 378 681 415 741; x_wconf 90' lang='lat' dir='ltr'><strong>ad</strong></span> <span class='ocrx_word' id='word_1_33' title='bbox 436 680 555 741; x_wconf 81' lang='lat' dir='ltr'><strong>llurium</strong></span> <span class='ocrx_word' id='word_1_34' title='bbox 577 679 650 741; x_wconf 89' lang='lat' dir='ltr'><strong>deus</strong></span> <span class='ocrx_word' id='word_1_35' title='bbox 671 689 772 742; x_wconf 80' lang='lat' dir='ltr'><strong>evocat</strong></span> <span class='ocrx_word' id='word_1_36' title='bbox 794 681 908 758; x_wconf 81' lang='lat' dir='ltr'><strong>agmine</strong></span> <span class='ocrx_word' id='word_1_37' title='bbox 930 699 1052 767; x_wconf 74' lang='lat' dir='ltr'><strong>magno,</strong></span> 
     </span>
    </p>
   </div>
   <div class='ocr_carea' id='block_1_3' title="bbox 145 762 1215 3595">
    <p class='ocr_par' dir='ltr' id='par_1_4' title="bbox 197 762 1215 842">
     <span class='ocr_line' id='line_1_6' title="bbox 197 762 1215 842; baseline -0.001 -19"><span class='ocrx_word' id='word_1_38' title='bbox 197 762 307 824; x_wconf 89' lang='lat' dir='ltr'><strong>scillcet</strong></span> <span class='ocrx_word' id='word_1_39' title='bbox 324 765 501 824; x_wconf 82' lang='lat' dir='ltr'><strong>inmemores</strong></span> <span class='ocrx_word' id='word_1_40' title='bbox 521 781 611 842; x_wconf 90' lang='lat' dir='ltr'><strong>super</strong></span> <span class='ocrx_word' id='word_1_41' title='bbox 631 770 664 824; x_wconf 94' lang='lat' dir='ltr'><strong>ut</strong></span> <span class='ocrx_word' id='word_1_42' title='bbox 689 782 816 825; x_wconf 82' lang='lat' dir='ltr'><strong>convexa</strong></span> <span class='ocrx_word' id='word_1_43' title='bbox 837 764 963 826; x_wconf 79' lang='lat' dir='ltr'><strong>revisant</strong></span> <span class='ocrx_word' id='word_1_44' title='bbox 1165 778 1215 831; x_wconf 82' lang='lat'><strong>750</strong></span> 
     </span>
    </p>

    <p class='ocr_par' dir='ltr' id='par_1_5' title="bbox 197 847 950 925">
     <span class='ocr_line' id='line_1_7' title="bbox 197 847 950 925; baseline 0 -19"><span class='ocrx_word' id='word_1_45' title='bbox 197 855 346 907; x_wconf 87' lang='lat' dir='ltr'><strong>rursuset</strong></span> <span class='ocrx_word' id='word_1_46' title='bbox 367 848 505 925; x_wconf 88' lang='lat' dir='ltr'><strong>incipiant</strong></span> <span class='ocrx_word' id='word_1_47' title='bbox 521 848 551 906; x_wconf 89' lang='lat' dir='ltr'><strong>in</strong></span> <span class='ocrx_word' id='word_1_48' title='bbox 574 864 698 924; x_wconf 89' lang='lat' dir='ltr'><strong>corpora</strong></span> <span class='ocrx_word' id='word_1_49' title='bbox 721 847 793 909; x_wconf 86' lang='lat' dir='ltr'><strong>velle</strong></span> <span class='ocrx_word' id='word_1_50' title='bbox 815 847 950 909; x_wconf 81' lang='lat' dir='ltr'><strong>reverti&#39;</strong></span> 
     </span>
    </p>

    <p class='ocr_par' dir='ltr' id='par_1_6' title="bbox 145 930 992 1010">
     <span class='ocr_line' id='line_1_8' title="bbox 145 930 992 1010; baseline 0.001 -20"><span class='ocrx_word' id='word_1_51' title='bbox 145 962 147 966; x_wconf 16' lang='grc' dir='ltr'><em>Α</em></span> <span class='ocrx_word' id='word_1_52' title='bbox 238 930 355 991; x_wconf 81' lang='lat' dir='ltr'><strong>Dixerat</strong></span> <span class='ocrx_word' id='word_1_53' title='bbox 376 930 516 991; x_wconf 77' lang='lat' dir='ltr'><strong>Anchises</strong></span> <span class='ocrx_word' id='word_1_54' title='bbox 535 938 694 1009; x_wconf 89' lang='lat' dir='ltr'><strong>natumque</strong></span> <span class='ocrx_word' id='word_1_55' title='bbox 715 949 832 1009; x_wconf 82' lang='lat' dir='ltr'><strong>unaque</strong></span> <span class='ocrx_word' id='word_1_56' title='bbox 855 930 992 1010; x_wconf 76' lang='lat' dir='ltr'><strong>Sibyllam</strong></span> 
     </span>
    </p>

    <p class='ocr_par' dir='ltr' id='par_1_7' title="bbox 198 1013 1033 1093">
     <span class='ocr_line' id='line_1_9' title="bbox 198 1013 1033 1093; baseline 0 -20"><span class='ocrx_word' id='word_1_57' title='bbox 198 1023 357 1075; x_wconf 86' lang='lat' dir='ltr'><strong>conventus</strong></span> <span class='ocrx_word' id='word_1_58' title='bbox 378 1013 468 1075; x_wconf 90' lang='lat' dir='ltr'><strong>trabit</strong></span> <span class='ocrx_word' id='word_1_59' title='bbox 487 1014 517 1072; x_wconf 95' lang='lat' dir='ltr'><strong>in</strong></span> <span class='ocrx_word' id='word_1_60' title='bbox 539 1013 650 1075; x_wconf 91' lang='lat' dir='ltr'><strong>medios</strong></span> <span class='ocrx_word' id='word_1_61' title='bbox 673 1014 848 1093; x_wconf 84' lang='lat' dir='ltr'><strong>turbamque</strong></span> <span class='ocrx_word' id='word_1_62' title='bbox 865 1023 1033 1084; x_wconf 89' lang='lat' dir='ltr'><strong>sonantem,</strong></span> 
     </span>
    </p>

    <p class='ocr_par' dir='ltr' id='par_1_8' title="bbox 198 1096 1070 1176">
     <span class='ocr_line' id='line_1_10' title="bbox 198 1096 1070 1176; baseline 0.001 -19"><span class='ocrx_word' id='word_1_63' title='bbox 198 1104 226 1157; x_wconf 90' lang='lat' dir='ltr'><strong>et</strong></span> <span class='ocrx_word' id='word_1_64' title='bbox 247 1096 391 1158; x_wconf 93' lang='lat' dir='ltr'><strong>tumulum</strong></span> <span class='ocrx_word' id='word_1_65' title='bbox 412 1098 502 1175; x_wconf 91' lang='lat' dir='ltr'><strong>capit,</strong></span> <span class='ocrx_word' id='word_1_66' title='bbox 524 1096 603 1156; x_wconf 90' lang='lat' dir='ltr'><strong>unde</strong></span> <span class='ocrx_word' id='word_1_67' title='bbox 624 1099 718 1159; x_wconf 91' lang='lat' dir='ltr'><strong>omnis</strong></span> <span class='ocrx_word' id='word_1_68' title='bbox 739 1097 828 1176; x_wconf 84' lang='lat' dir='ltr'><strong>longo</strong></span> <span class='ocrx_word' id='word_1_69' title='bbox 851 1099 952 1158; x_wconf 89' lang='lat' dir='ltr'><strong>ordine</strong></span> <span class='ocrx_word' id='word_1_70' title='bbox 972 1109 1070 1175; x_wconf 91' lang='lat' dir='ltr'><strong>posset</strong></span> 
     </span>
    </p>

    <p class='ocr_par' dir='ltr' id='par_1_9' title="bbox 198 1179 1213 1343">
     <span class='ocr_line' id='line_1_11' title="bbox 198 1179 1213 1259; baseline 0.006 -19"><span class='ocrx_word' id='word_1_71' title='bbox 198 1179 335 1241; x_wconf 88' lang='lat' dir='ltr'><strong>adversos</strong></span> <span class='ocrx_word' id='word_1_72' title='bbox 355 1180 455 1259; x_wconf 78' lang='lat' dir='ltr'><strong>legere</strong></span> <span class='ocrx_word' id='word_1_73' title='bbox 475 1187 503 1240; x_wconf 90' lang='lat' dir='ltr'><strong>et</strong></span> <span class='ocrx_word' id='word_1_74' title='bbox 524 1181 689 1240; x_wconf 80' lang='lat' dir='ltr'><strong>venientum</strong></span> <span class='ocrx_word' id='word_1_75' title='bbox 711 1182 823 1243; x_wconf 86' lang='lat' dir='ltr'><strong>discere</strong></span> <span class='ocrx_word' id='word_1_76' title='bbox 842 1182 944 1242; x_wconf 82' lang='lat' dir='ltr'><strong>voltus.</strong></span> <span class='ocrx_word' id='word_1_77' title='bbox 1165 1194 1213 1248; x_wconf 77' lang='lat'><strong>755</strong></span> 
     </span>
     <span class='ocr_line' id='line_1_12' title="bbox 240 1263 1149 1343; baseline 0.002 -19"><span class='ocrx_word' id='word_1_78' title='bbox 240 1263 340 1325; x_wconf 87' lang='lat' dir='ltr'><strong>‘Nunc</strong></span> <span class='ocrx_word' id='word_1_79' title='bbox 362 1283 430 1343; x_wconf 77' lang='lat' dir='ltr'><strong>age,</strong></span> <span class='ocrx_word' id='word_1_80' title='bbox 454 1264 629 1325; x_wconf 82' lang='lat' dir='ltr'><strong>Dardaniam</strong></span> <span class='ocrx_word' id='word_1_81' title='bbox 650 1264 765 1341; x_wconf 89' lang='lat' dir='ltr'><strong>prolem</strong></span> <span class='ocrx_word' id='word_1_82' title='bbox 788 1284 862 1343; x_wconf 86' lang='lat' dir='ltr'><strong>quae</strong></span> <span class='ocrx_word' id='word_1_83' title='bbox 884 1265 988 1326; x_wconf 87' lang='lat' dir='ltr'><strong>deinde</strong></span> <span class='ocrx_word' id='word_1_84' title='bbox 1007 1275 1149 1343; x_wconf 91' lang='lat' dir='ltr'><strong>sequatur</strong></span> 
     </span>
    </p>

    <p class='ocr_par' dir='ltr' id='par_1_10' title="bbox 197 1345 946 1426">
     <span class='ocr_line' id='line_1_13' title="bbox 197 1345 946 1426; baseline 0.005 -21"><span class='ocrx_word' id='word_1_85' title='bbox 197 1345 304 1423; x_wconf 80' lang='lat' dir='ltr'><strong>gloria,</strong></span> <span class='ocrx_word' id='word_1_86' title='bbox 326 1348 375 1425; x_wconf 91' lang='lat' dir='ltr'><strong>qui</strong></span> <span class='ocrx_word' id='word_1_87' title='bbox 397 1356 534 1408; x_wconf 86' lang='lat' dir='ltr'><strong>maneant</strong></span> <span class='ocrx_word' id='word_1_88' title='bbox 553 1346 623 1406; x_wconf 88' lang='lat' dir='ltr'><strong>ltala</strong></span> <span class='ocrx_word' id='word_1_89' title='bbox 647 1348 788 1426; x_wconf 86' lang='lat' dir='ltr'><strong>degente</strong></span> <span class='ocrx_word' id='word_1_90' title='bbox 810 1357 946 1426; x_wconf 86' lang='lat' dir='ltr'><strong>nepotes,</strong></span> 
     </span>
    </p>

    <p class='ocr_par' dir='ltr' id='par_1_11' title="bbox 196 1429 963 1510">
     <span class='ocr_line' id='line_1_14' title="bbox 196 1429 963 1510; baseline 0.004 -21"><span class='ocrx_word' id='word_1_91' title='bbox 196 1429 327 1490; x_wconf 89' lang='lat' dir='ltr'><strong>inlustris</strong></span> <span class='ocrx_word' id='word_1_92' title='bbox 347 1431 458 1491; x_wconf 89' lang='lat' dir='ltr'><strong>animas</strong></span> <span class='ocrx_word' id='word_1_93' title='bbox 479 1440 671 1510; x_wconf 89' lang='lat' dir='ltr'><strong>nostrumque</strong></span> <span class='ocrx_word' id='word_1_94' title='bbox 692 1429 721 1490; x_wconf 88' lang='lat' dir='ltr'><strong>in</strong></span> <span class='ocrx_word' id='word_1_95' title='bbox 742 1449 850 1491; x_wconf 92' lang='lat' dir='ltr'><strong>nomen</strong></span> <span class='ocrx_word' id='word_1_96' title='bbox 871 1434 963 1494; x_wconf 90' lang='lat' dir='ltr'><strong>ituras</strong></span> 
     </span>
    </p>

    <p class='ocr_par' dir='ltr' id='par_1_12' title="bbox 198 1513 844 1591">
     <span class='ocr_line' id='line_1_15' title="bbox 198 1513 844 1591; baseline 0.003 -19"><span class='ocrx_word' id='word_1_97' title='bbox 198 1513 348 1591; x_wconf 85' lang='lat' dir='ltr'><strong>expediam</strong></span> <span class='ocrx_word' id='word_1_98' title='bbox 370 1513 453 1574; x_wconf 92' lang='lat' dir='ltr'><strong>dictis</strong></span> <span class='ocrx_word' id='word_1_99' title='bbox 476 1523 505 1574; x_wconf 94' lang='lat' dir='ltr'><strong>et</strong></span> <span class='ocrx_word' id='word_1_100' title='bbox 526 1522 554 1574; x_wconf 92' lang='lat' dir='ltr'><strong>te</strong></span> <span class='ocrx_word' id='word_1_101' title='bbox 576 1526 625 1574; x_wconf 91' lang='lat' dir='ltr'><strong>tua</strong></span> <span class='ocrx_word' id='word_1_102' title='bbox 644 1514 702 1575; x_wconf 88' lang='lat' dir='ltr'><strong>lata</strong></span> <span class='ocrx_word' id='word_1_103' title='bbox 722 1513 844 1575; x_wconf 87' lang='lat' dir='ltr'><strong>docebo.</strong></span> 
     </span>
    </p>

    <p class='ocr_par' dir='ltr' id='par_1_13' title="bbox 197 1594 1214 1674">
     <span class='ocr_line' id='line_1_16' title="bbox 197 1594 1214 1674; baseline 0.007 -19"><span class='ocrx_word' id='word_1_104' title='bbox 197 1594 262 1664; x_wconf 92' lang='lat' dir='ltr'><strong>ille,</strong></span> <span class='ocrx_word' id='word_1_105' title='bbox 286 1597 381 1665; x_wconf 87' lang='lat' dir='ltr'><strong>vides,</strong></span> <span class='ocrx_word' id='word_1_106' title='bbox 403 1615 477 1673; x_wconf 89' lang='lat' dir='ltr'><strong>pura</strong></span> <span class='ocrx_word' id='word_1_107' title='bbox 496 1599 608 1657; x_wconf 86' lang='lat' dir='ltr'><strong>iuvenis</strong></span> <span class='ocrx_word' id='word_1_108' title='bbox 631 1600 680 1674; x_wconf 90' lang='lat' dir='ltr'><strong>qui</strong></span> <span class='ocrx_word' id='word_1_109' title='bbox 693 1594 801 1658; x_wconf 79' lang='lat' dir='ltr'><strong>liititur</strong></span> <span class='ocrx_word' id='word_1_110' title='bbox 822 1598 918 1667; x_wconf 83' lang='lat' dir='ltr'><strong>hasta,</strong></span> <span class='ocrx_word' id='word_1_111' title='bbox 1163 1609 1214 1662; x_wconf 81' lang='lat'><strong>760</strong></span> 
     </span>
    </p>

    <p class='ocr_par' dir='ltr' id='par_1_14' title="bbox 197 1680 1016 1757">
     <span class='ocr_line' id='line_1_17' title="bbox 197 1680 1016 1757; baseline 0 -18"><span class='ocrx_word' id='word_1_112' title='bbox 197 1681 329 1756; x_wconf 68' lang='lat' dir='ltr'><strong>proxima</strong></span> <span class='ocrx_word' id='word_1_113' title='bbox 348 1688 427 1739; x_wconf 89' lang='lat' dir='ltr'><strong>sorte</strong></span> <span class='ocrx_word' id='word_1_114' title='bbox 447 1688 527 1741; x_wconf 89' lang='lat' dir='ltr'><strong>tenet</strong></span> <span class='ocrx_word' id='word_1_115' title='bbox 542 1680 616 1740; x_wconf 91' lang='lat' dir='ltr'><strong>lucis</strong></span> <span class='ocrx_word' id='word_1_116' title='bbox 636 1680 715 1750; x_wconf 90' lang='lat' dir='ltr'><strong>loca,</strong></span> <span class='ocrx_word' id='word_1_117' title='bbox 737 1684 850 1757; x_wconf 89' lang='lat' dir='ltr'><strong>primus</strong></span> <span class='ocrx_word' id='word_1_118' title='bbox 874 1682 909 1741; x_wconf 93' lang='lat' dir='ltr'><strong>ad</strong></span> <span class='ocrx_word' id='word_1_119' title='bbox 931 1698 1016 1740; x_wconf 89' lang='lat' dir='ltr'><strong>auras</strong></span> 
     </span>
    </p>

    <p class='ocr_par' dir='ltr' id='par_1_15' title="bbox 198 1762 929 1842">
     <span class='ocr_line' id='line_1_18' title="bbox 198 1762 929 1842; baseline 0.001 -20"><span class='ocrx_word' id='word_1_120' title='bbox 198 1764 341 1824; x_wconf 86' lang='lat' dir='ltr'><strong>aetherias</strong></span> <span class='ocrx_word' id='word_1_121' title='bbox 363 1762 434 1824; x_wconf 88' lang='lat' dir='ltr'><strong>ltalo</strong></span> <span class='ocrx_word' id='word_1_122' title='bbox 457 1763 630 1823; x_wconf 83' lang='lat' dir='ltr'><strong>commixtus</strong></span> <span class='ocrx_word' id='word_1_123' title='bbox 653 1766 793 1841; x_wconf 80' lang='lat' dir='ltr'><strong>sanguine</strong></span> <span class='ocrx_word' id='word_1_124' title='bbox 815 1772 929 1842; x_wconf 84' lang='lat' dir='ltr'><strong>surget,</strong></span> 
     </span>
    </p>

    <p class='ocr_par' dir='ltr' id='par_1_16' title="bbox 198 1845 990 1925">
     <span class='ocr_line' id='line_1_19' title="bbox 198 1845 990 1925; baseline 0 -17"><span class='ocrx_word' id='word_1_125' title='bbox 198 1846 316 1914; x_wconf 86' lang='lat' dir='ltr'><strong>Silvius,</strong></span> <span class='ocrx_word' id='word_1_126' title='bbox 339 1845 482 1907; x_wconf 77' lang='lat' dir='ltr'><strong>Albanum</strong></span> <span class='ocrx_word' id='word_1_127' title='bbox 504 1863 627 1915; x_wconf 92' lang='lat' dir='ltr'><strong>nomen,</strong></span> <span class='ocrx_word' id='word_1_128' title='bbox 650 1856 700 1907; x_wconf 90' lang='lat' dir='ltr'><strong>tua</strong></span> <span class='ocrx_word' id='word_1_129' title='bbox 721 1855 857 1924; x_wconf 91' lang='lat' dir='ltr'><strong>postuma</strong></span> <span class='ocrx_word' id='word_1_130' title='bbox 879 1847 990 1925; x_wconf 93' lang='lat' dir='ltr'><strong>proles,</strong></span> 
     </span>
    </p>

    <p class='ocr_par' dir='ltr' id='par_1_17' title="bbox 198 1929 923 2009">
     <span class='ocr_line' id='line_1_20' title="bbox 198 1929 923 2009; baseline -0.003 -17"><span class='ocrx_word' id='word_1_131' title='bbox 198 1949 285 2009; x_wconf 91' lang='lat' dir='ltr'><strong>quem</strong></span> <span class='ocrx_word' id='word_1_132' title='bbox 307 1930 358 1990; x_wconf 90' lang='lat' dir='ltr'><strong>tibi</strong></span> <span class='ocrx_word' id='word_1_133' title='bbox 377 1929 517 2008; x_wconf 83' lang='lat' dir='ltr'><strong>longaevo</strong></span> <span class='ocrx_word' id='word_1_134' title='bbox 537 1948 636 1991; x_wconf 89' lang='lat' dir='ltr'><strong>semm</strong></span> <span class='ocrx_word' id='word_1_135' title='bbox 658 1930 775 1991; x_wconf 85' lang='lat' dir='ltr'><strong>Lavinia</strong></span> <span class='ocrx_word' id='word_1_136' title='bbox 798 1932 923 1992; x_wconf 83' lang='lat' dir='ltr'><strong>coniunx</strong></span> 
     </span>
    </p>

    <p class='ocr_par' dir='ltr' id='par_1_18' title="bbox 198 2013 1214 2093">
     <span class='ocr_line' id='line_1_21' title="bbox 198 2013 1214 2093; baseline 0.005 -19"><span class='ocrx_word' id='word_1_137' title='bbox 198 2014 303 2074; x_wconf 87' lang='lat' dir='ltr'><strong>educet</strong></span> <span class='ocrx_word' id='word_1_138' title='bbox 323 2013 401 2074; x_wconf 83' lang='lat' dir='ltr'><strong>silvis</strong></span> <span class='ocrx_word' id='word_1_139' title='bbox 420 2030 521 2091; x_wconf 82' lang='lat' dir='ltr'><strong>regem</strong></span> <span class='ocrx_word' id='word_1_140' title='bbox 543 2030 706 2093; x_wconf 77' lang='lat' dir='ltr'><strong>regumque</strong></span> <span class='ocrx_word' id='word_1_141' title='bbox 727 2024 892 2092; x_wconf 88' lang='lat' dir='ltr'><strong>parentem,</strong></span> <span class='ocrx_word' id='word_1_142' title='bbox 1164 2027 1214 2081; x_wconf 71' lang='lat'><strong>766</strong></span> 
     </span>
    </p>

    <p class='ocr_par' dir='ltr' id='par_1_19' title="bbox 197 2097 990 2175">
     <span class='ocr_line' id='line_1_22' title="bbox 197 2097 990 2175; baseline 0 -17"><span class='ocrx_word' id='word_1_143' title='bbox 197 2098 275 2158; x_wconf 92' lang='lat' dir='ltr'><strong>unde</strong></span> <span class='ocrx_word' id='word_1_144' title='bbox 295 2115 387 2175; x_wconf 84' lang='lat' dir='ltr'><strong>genus</strong></span> <span class='ocrx_word' id='word_1_145' title='bbox 411 2099 511 2174; x_wconf 86' lang='lat' dir='ltr'><strong>Longa</strong></span> <span class='ocrx_word' id='word_1_146' title='bbox 533 2106 667 2159; x_wconf 89' lang='lat' dir='ltr'><strong>nostrum</strong></span> <span class='ocrx_word' id='word_1_147' title='bbox 689 2097 886 2159; x_wconf 86' lang='lat' dir='ltr'><strong>dominabitur</strong></span> <span class='ocrx_word' id='word_1_148' title='bbox 908 2097 990 2158; x_wconf 78' lang='lat' dir='ltr'><strong>Alba.</strong></span> 
     </span>
    </p>

    <p class='ocr_par' dir='ltr' id='par_1_20' title="bbox 197 2180 967 2260">
     <span class='ocr_line' id='line_1_23' title="bbox 197 2180 967 2260; baseline 0 -20"><span class='ocrx_word' id='word_1_149' title='bbox 197 2182 347 2258; x_wconf 83' lang='lat' dir='ltr'><strong>proximus</strong></span> <span class='ocrx_word' id='word_1_150' title='bbox 368 2180 416 2241; x_wconf 89' lang='lat' dir='ltr'><strong>ille</strong></span> <span class='ocrx_word' id='word_1_151' title='bbox 437 2182 560 2250; x_wconf 88' lang='lat' dir='ltr'><strong>Procas,</strong></span> <span class='ocrx_word' id='word_1_152' title='bbox 583 2181 728 2243; x_wconf 86' lang='lat' dir='ltr'><strong>Troianae</strong></span> <span class='ocrx_word' id='word_1_153' title='bbox 750 2181 842 2260; x_wconf 83' lang='lat' dir='ltr'><strong>gloria</strong></span> <span class='ocrx_word' id='word_1_154' title='bbox 859 2183 967 2257; x_wconf 84' lang='lat' dir='ltr'><strong>gentis,</strong></span> 
     </span>
    </p>

    <p class='ocr_par' dir='ltr' id='par_1_21' title="bbox 198 2263 972 2344">
     <span class='ocr_line' id='line_1_24' title="bbox 198 2263 972 2344; baseline -0.001 -21"><span class='ocrx_word' id='word_1_155' title='bbox 198 2273 226 2324; x_wconf 94' lang='lat' dir='ltr'><strong>et</strong></span> <span class='ocrx_word' id='word_1_156' title='bbox 249 2263 340 2344; x_wconf 74' lang='lat' dir='ltr'><strong>Capys</strong></span> <span class='ocrx_word' id='word_1_157' title='bbox 363 2274 390 2325; x_wconf 90' lang='lat' dir='ltr'><strong>et</strong></span> <span class='ocrx_word' id='word_1_158' title='bbox 409 2265 542 2326; x_wconf 88' lang='lat' dir='ltr'><strong>Numitor</strong></span> <span class='ocrx_word' id='word_1_159' title='bbox 563 2276 591 2325; x_wconf 91' lang='lat' dir='ltr'><strong>et</strong></span> <span class='ocrx_word' id='word_1_160' title='bbox 612 2268 661 2343; x_wconf 89' lang='lat' dir='ltr'><strong>qui</strong></span> <span class='ocrx_word' id='word_1_161' title='bbox 682 2276 711 2326; x_wconf 87' lang='lat' dir='ltr'><strong>te</strong></span> <span class='ocrx_word' id='word_1_162' title='bbox 732 2266 850 2325; x_wconf 91' lang='lat' dir='ltr'><strong>nomine</strong></span> <span class='ocrx_word' id='word_1_163' title='bbox 869 2265 972 2324; x_wconf 88' lang='lat' dir='ltr'><strong>reddet</strong></span> 
     </span>
    </p>

    <p class='ocr_par' dir='ltr' id='par_1_22' title="bbox 198 2347 882 2426">
     <span class='ocr_line' id='line_1_25' title="bbox 198 2347 882 2426; baseline 0 -18"><span class='ocrx_word' id='word_1_164' title='bbox 198 2347 301 2408; x_wconf 83' lang='lat' dir='ltr'><strong>Silvius</strong></span> <span class='ocrx_word' id='word_1_165' title='bbox 323 2350 450 2419; x_wconf 81' lang='lat' dir='ltr'><strong>Aeneas,</strong></span> <span class='ocrx_word' id='word_1_166' title='bbox 472 2351 581 2426; x_wconf 88' lang='lat' dir='ltr'><strong>pariter</strong></span> <span class='ocrx_word' id='word_1_167' title='bbox 603 2351 709 2426; x_wconf 86' lang='lat' dir='ltr'><strong>pietate</strong></span> <span class='ocrx_word' id='word_1_168' title='bbox 727 2349 772 2409; x_wconf 82' lang='lat' dir='ltr'><strong>vel</strong></span> <span class='ocrx_word' id='word_1_169' title='bbox 795 2351 882 2409; x_wconf 92' lang='lat' dir='ltr'><strong>armis</strong></span> 
     </span>
    </p>

    <p class='ocr_par' dir='ltr' id='par_1_23' title="bbox 198 2431 1214 2511">
     <span class='ocr_line' id='line_1_26' title="bbox 198 2431 1214 2511; baseline 0.005 -20"><span class='ocrx_word' id='word_1_170' title='bbox 198 2434 346 2508; x_wconf 84' lang='lat' dir='ltr'><strong>egregius,</strong></span> <span class='ocrx_word' id='word_1_171' title='bbox 369 2434 550 2510; x_wconf 84' lang='lat' dir='ltr'><strong>siumquam</strong></span> <span class='ocrx_word' id='word_1_172' title='bbox 571 2432 752 2510; x_wconf 85' lang='lat' dir='ltr'><strong>regnandam</strong></span> <span class='ocrx_word' id='word_1_173' title='bbox 774 2433 919 2511; x_wconf 89' lang='lat' dir='ltr'><strong>acceperit</strong></span> <span class='ocrx_word' id='word_1_174' title='bbox 941 2431 1052 2490; x_wconf 81' lang='lat' dir='ltr'><strong>Albam.</strong></span> <span class='ocrx_word' id='word_1_175' title='bbox 1163 2441 1214 2496; x_wconf 83' lang='grc'><strong>770</strong></span> 
     </span>
    </p>

    <p class='ocr_par' dir='ltr' id='par_1_24' title="bbox 198 2515 976 2594">
     <span class='ocr_line' id='line_1_27' title="bbox 198 2515 976 2594; baseline -0.004 -20"><span class='ocrx_word' id='word_1_176' title='bbox 198 2515 247 2592; x_wconf 91' lang='lat' dir='ltr'><strong>qui</strong></span> <span class='ocrx_word' id='word_1_177' title='bbox 270 2517 402 2577; x_wconf 86' lang='lat' dir='ltr'><strong>iuvenes!</strong></span> <span class='ocrx_word' id='word_1_178' title='bbox 426 2524 547 2594; x_wconf 87' lang='lat' dir='ltr'><strong>quantas</strong></span> <span class='ocrx_word' id='word_1_179' title='bbox 570 2524 728 2584; x_wconf 90' lang='lat' dir='ltr'><strong>ostentant,</strong></span> <span class='ocrx_word' id='word_1_180' title='bbox 751 2516 863 2592; x_wconf 89' lang='lat' dir='ltr'><strong>aspice,</strong></span> <span class='ocrx_word' id='word_1_181' title='bbox 886 2515 976 2576; x_wconf 84' lang='lat' dir='ltr'><strong>vires!</strong></span> 
     </span>
    </p>

    <p class='ocr_par' dir='ltr' id='par_1_25' title="bbox 198 2597 956 2676">
     <span class='ocr_line' id='line_1_28' title="bbox 198 2597 956 2676; baseline -0.001 -19"><span class='ocrx_word' id='word_1_182' title='bbox 198 2606 285 2675; x_wconf 90' lang='lat' dir='ltr'><strong>atque</strong></span> <span class='ocrx_word' id='word_1_183' title='bbox 306 2599 440 2660; x_wconf 90' lang='lat' dir='ltr'><strong>umbrata</strong></span> <span class='ocrx_word' id='word_1_184' title='bbox 461 2608 567 2674; x_wconf 84' lang='lat' dir='ltr'><strong>gerunt</strong></span> <span class='ocrx_word' id='word_1_185' title='bbox 590 2597 664 2658; x_wconf 84' lang='lat' dir='ltr'><strong>civili</strong></span> <span class='ocrx_word' id='word_1_186' title='bbox 686 2606 819 2675; x_wconf 88' lang='lat' dir='ltr'><strong>tempora</strong></span> <span class='ocrx_word' id='word_1_187' title='bbox 836 2615 956 2676; x_wconf 89' lang='lat' dir='ltr'><strong>quercu.</strong></span> 
     </span>
    </p>

    <p class='ocr_par' dir='ltr' id='par_1_26' title="bbox 199 2680 1031 2758">
     <span class='ocr_line' id='line_1_29' title="bbox 199 2680 1031 2758; baseline 0 -18"><span class='ocrx_word' id='word_1_188' title='bbox 199 2683 227 2741; x_wconf 86' lang='lat' dir='ltr'><strong>lri</strong></span> <span class='ocrx_word' id='word_1_189' title='bbox 248 2682 300 2741; x_wconf 89' lang='lat' dir='ltr'><strong>tibi</strong></span> <span class='ocrx_word' id='word_1_190' title='bbox 319 2682 495 2743; x_wconf 90' lang='lat' dir='ltr'><strong>Nomentum</strong></span> <span class='ocrx_word' id='word_1_191' title='bbox 519 2692 546 2740; x_wconf 88' lang='lat' dir='ltr'><strong>et</strong></span> <span class='ocrx_word' id='word_1_192' title='bbox 567 2680 674 2743; x_wconf 86' lang='lat' dir='ltr'><strong>Gabios</strong></span> <span class='ocrx_word' id='word_1_193' title='bbox 696 2681 860 2758; x_wconf 85' lang='lat' dir='ltr'><strong>urbemque</strong></span> <span class='ocrx_word' id='word_1_194' title='bbox 877 2681 1031 2749; x_wconf 82' lang='lat' dir='ltr'><strong>Fidenam,</strong></span> 
     </span>
    </p>

    <p class='ocr_par' dir='ltr' id='par_1_27' title="bbox 197 2764 865 2842">
     <span class='ocr_line' id='line_1_30' title="bbox 197 2764 865 2842; baseline 0 -18"><span class='ocrx_word' id='word_1_195' title='bbox 197 2767 227 2824; x_wconf 86' lang='lat' dir='ltr'><strong>lri</strong></span> <span class='ocrx_word' id='word_1_196' title='bbox 248 2765 400 2825; x_wconf 86' lang='lat' dir='ltr'><strong>Collatinas</strong></span> <span class='ocrx_word' id='word_1_197' title='bbox 425 2767 576 2842; x_wconf 90' lang='lat' dir='ltr'><strong>imponent</strong></span> <span class='ocrx_word' id='word_1_198' title='bbox 596 2764 744 2824; x_wconf 90' lang='lat' dir='ltr'><strong>montibus</strong></span> <span class='ocrx_word' id='word_1_199' title='bbox 765 2781 865 2832; x_wconf 91' lang='lat' dir='ltr'><strong>arces,</strong></span> 
     </span>
    </p>

    <p class='ocr_par' dir='ltr' id='par_1_28' title="bbox 198 2847 1212 2927">
     <span class='ocr_line' id='line_1_31' title="bbox 198 2847 1212 2927; baseline 0.002 -19"><span class='ocrx_word' id='word_1_200' title='bbox 198 2849 345 2908; x_wconf 91' lang='lat' dir='ltr'><strong>Pometios</strong></span> <span class='ocrx_word' id='word_1_201' title='bbox 368 2848 560 2926; x_wconf 87' lang='lat' dir='ltr'><strong>Castrumque</strong></span> <span class='ocrx_word' id='word_1_202' title='bbox 580 2848 643 2908; x_wconf 91' lang='lat' dir='ltr'><strong>lnui</strong></span> <span class='ocrx_word' id='word_1_203' title='bbox 662 2847 822 2927; x_wconf 82' lang='lat' dir='ltr'><strong>bolamque</strong></span> <span class='ocrx_word' id='word_1_204' title='bbox 844 2848 1015 2923; x_wconf 86' lang='lat' dir='ltr'><strong>Coramque.</strong></span> <span class='ocrx_word' id='word_1_205' title='bbox 1162 2855 1212 2911; x_wconf 79' lang='lat'><strong>775</strong></span> 
     </span>
    </p>

    <p class='ocr_par' dir='ltr' id='par_1_29' title="bbox 197 2931 1154 3003">
     <span class='ocr_line' id='line_1_32' title="bbox 197 2931 1154 3003; baseline 0 -11"><span class='ocrx_word' id='word_1_206' title='bbox 197 2933 270 2992; x_wconf 90' lang='lat' dir='ltr'><strong>haec</strong></span> <span class='ocrx_word' id='word_1_207' title='bbox 291 2941 353 2991; x_wconf 90' lang='lat' dir='ltr'><strong>tum</strong></span> <span class='ocrx_word' id='word_1_208' title='bbox 374 2935 492 2991; x_wconf 90' lang='lat' dir='ltr'><strong>nomina</strong></span> <span class='ocrx_word' id='word_1_209' title='bbox 516 2942 614 3003; x_wconf 88' lang='lat' dir='ltr'><strong>erunt,</strong></span> <span class='ocrx_word' id='word_1_210' title='bbox 637 2950 716 2993; x_wconf 91' lang='lat' dir='ltr'><strong>nunc</strong></span> <span class='ocrx_word' id='word_1_211' title='bbox 738 2941 804 2994; x_wconf 91' lang='lat' dir='ltr'><strong>sunt</strong></span> <span class='ocrx_word' id='word_1_212' title='bbox 826 2933 888 2992; x_wconf 90' lang='lat' dir='ltr'><strong>sine</strong></span> <span class='ocrx_word' id='word_1_213' title='bbox 909 2931 1026 2990; x_wconf 89' lang='lat' dir='ltr'><strong>nomine</strong></span> <span class='ocrx_word' id='word_1_214' title='bbox 1047 2941 1154 2992; x_wconf 86' lang='lat' dir='ltr'><strong>terrae.</strong></span> 
     </span>
    </p>

    <p class='ocr_par' dir='ltr' id='par_1_30' title="bbox 197 3016 922 3092">
     <span class='ocr_line' id='line_1_33' title="bbox 197 3016 922 3092; baseline -0.003 -17"><span class='ocrx_word' id='word_1_215' title='bbox 197 3017 267 3092; x_wconf 91' lang='lat' dir='ltr'><strong>quin</strong></span> <span class='ocrx_word' id='word_1_216' title='bbox 290 3024 318 3074; x_wconf 87' lang='lat' dir='ltr'><strong>ct</strong></span> <span class='ocrx_word' id='word_1_217' title='bbox 338 3033 390 3074; x_wconf 83' lang='lat' dir='ltr'><strong>avo</strong></span> <span class='ocrx_word' id='word_1_218' title='bbox 413 3016 547 3076; x_wconf 92' lang='lat' dir='ltr'><strong>comitem</strong></span> <span class='ocrx_word' id='word_1_219' title='bbox 569 3035 634 3078; x_wconf 90' lang='lat' dir='ltr'><strong>sese</strong></span> <span class='ocrx_word' id='word_1_220' title='bbox 656 3016 811 3077; x_wconf 83' lang='lat' dir='ltr'><strong>Mavortius</strong></span> <span class='ocrx_word' id='word_1_221' title='bbox 836 3016 922 3076; x_wconf 89' lang='lat' dir='ltr'><strong>addet</strong></span> 
     </span>
    </p>

    <p class='ocr_par' dir='ltr' id='par_1_31' title="bbox 197 3097 971 3178">
     <span class='ocr_line' id='line_1_34' title="bbox 197 3097 971 3178; baseline -0.003 -20"><span class='ocrx_word' id='word_1_222' title='bbox 197 3097 352 3167; x_wconf 88' lang='lat' dir='ltr'><strong>Romulus,</strong></span> <span class='ocrx_word' id='word_1_223' title='bbox 374 3098 507 3159; x_wconf 76' lang='lat' dir='ltr'><strong>Assaraci</strong></span> <span class='ocrx_word' id='word_1_224' title='bbox 530 3119 617 3178; x_wconf 89' lang='lat' dir='ltr'><strong>quem</strong></span> <span class='ocrx_word' id='word_1_225' title='bbox 636 3102 785 3178; x_wconf 82' lang='lat' dir='ltr'><strong>sanguinis</strong></span> <span class='ocrx_word' id='word_1_226' title='bbox 806 3098 856 3159; x_wconf 92' lang='lat' dir='ltr'><strong>llia</strong></span> <span class='ocrx_word' id='word_1_227' title='bbox 878 3107 971 3158; x_wconf 90' lang='lat' dir='ltr'><strong>mater</strong></span> 
     </span>
    </p>

    <p class='ocr_par' dir='ltr' id='par_1_32' title="bbox 197 3181 993 3260">
     <span class='ocr_line' id='line_1_35' title="bbox 197 3181 993 3260; baseline 0 -20"><span class='ocrx_word' id='word_1_228' title='bbox 197 3181 309 3240; x_wconf 89' lang='lat' dir='ltr'><strong>educet.</strong></span> <span class='ocrx_word' id='word_1_229' title='bbox 354 3182 438 3243; x_wconf 89' lang='lat' dir='ltr'><strong>viden</strong></span> <span class='ocrx_word' id='word_1_230' title='bbox 459 3194 491 3244; x_wconf 90' lang='lat' dir='ltr'><strong>ut</strong></span> <span class='ocrx_word' id='word_1_231' title='bbox 513 3186 645 3260; x_wconf 83' lang='lat' dir='ltr'><strong>geminae</strong></span> <span class='ocrx_word' id='word_1_232' title='bbox 667 3191 743 3242; x_wconf 91' lang='lat' dir='ltr'><strong>stant</strong></span> <span class='ocrx_word' id='word_1_233' title='bbox 760 3184 867 3242; x_wconf 88' lang='lat' dir='ltr'><strong>vertice</strong></span> <span class='ocrx_word' id='word_1_234' title='bbox 889 3182 993 3240; x_wconf 89' lang='lat' dir='ltr'><strong>cristae</strong></span> 
     </span>
    </p>

    <p class='ocr_par' dir='ltr' id='par_1_33' title="bbox 197 3265 1211 3344">
     <span class='ocr_line' id='line_1_36' title="bbox 197 3265 1211 3344; baseline 0.001 -21"><span class='ocrx_word' id='word_1_235' title='bbox 197 3274 225 3323; x_wconf 91' lang='lat' dir='ltr'><strong>et</strong></span> <span class='ocrx_word' id='word_1_236' title='bbox 246 3273 329 3341; x_wconf 88' lang='lat' dir='ltr'><strong>pater</strong></span> <span class='ocrx_word' id='word_1_237' title='bbox 350 3267 413 3342; x_wconf 92' lang='lat' dir='ltr'><strong>ipse</strong></span> <span class='ocrx_word' id='word_1_238' title='bbox 433 3285 486 3327; x_wconf 91' lang='lat' dir='ltr'><strong>suo</strong></span> <span class='ocrx_word' id='word_1_239' title='bbox 510 3284 650 3344; x_wconf 87' lang='lat' dir='ltr'><strong>superum</strong></span> <span class='ocrx_word' id='word_1_240' title='bbox 671 3268 728 3325; x_wconf 91' lang='lat' dir='ltr'><strong>iam</strong></span> <span class='ocrx_word' id='word_1_241' title='bbox 749 3267 843 3341; x_wconf 85' lang='lat' dir='ltr'><strong>signat</strong></span> <span class='ocrx_word' id='word_1_242' title='bbox 863 3265 993 3323; x_wconf 73' lang='lat' dir='ltr'><strong>honore?</strong></span> <span class='ocrx_word' id='word_1_243' title='bbox 1160 3272 1211 3327; x_wconf 77' lang='lat'><strong>780</strong></span> 
     </span>
    </p>

    <p class='ocr_par' dir='ltr' id='par_1_34' title="bbox 197 3346 926 3427">
     <span class='ocr_line' id='line_1_37' title="bbox 197 3346 926 3427; baseline -0.001 -19"><span class='ocrx_word' id='word_1_244' title='bbox 197 3365 233 3408; x_wconf 85' lang='lat' dir='ltr'><strong>en</strong></span> <span class='ocrx_word' id='word_1_245' title='bbox 254 3346 355 3418; x_wconf 90' lang='lat' dir='ltr'><strong>buius,</strong></span> <span class='ocrx_word' id='word_1_246' title='bbox 379 3360 459 3419; x_wconf 92' lang='lat' dir='ltr'><strong>nate,</strong></span> <span class='ocrx_word' id='word_1_247' title='bbox 483 3351 619 3427; x_wconf 86' lang='lat' dir='ltr'><strong>auspiciis</strong></span> <span class='ocrx_word' id='word_1_248' title='bbox 640 3348 689 3408; x_wconf 89' lang='lat' dir='ltr'><strong>illa</strong></span> <span class='ocrx_word' id='word_1_249' title='bbox 709 3347 816 3407; x_wconf 90' lang='lat' dir='ltr'><strong>incluta</strong></span> <span class='ocrx_word' id='word_1_250' title='bbox 836 3348 926 3407; x_wconf 79' lang='lat' dir='ltr'><strong>Ronia</strong></span> 
     </span>
    </p>

    <p class='ocr_par' dir='ltr' id='par_1_35' title="bbox 196 3429 904 3510">
     <span class='ocr_line' id='line_1_38' title="bbox 196 3429 904 3510; baseline -0.001 -19"><span class='ocrx_word' id='word_1_251' title='bbox 196 3432 351 3508; x_wconf 89' lang='lat' dir='ltr'><strong>imperium</strong></span> <span class='ocrx_word' id='word_1_252' title='bbox 372 3435 474 3503; x_wconf 89' lang='lat' dir='ltr'><strong>terris,</strong></span> <span class='ocrx_word' id='word_1_253' title='bbox 500 3435 611 3492; x_wconf 89' lang='lat' dir='ltr'><strong>animos</strong></span> <span class='ocrx_word' id='word_1_254' title='bbox 633 3429 768 3509; x_wconf 89' lang='lat' dir='ltr'><strong>aequabit</strong></span> <span class='ocrx_word' id='word_1_255' title='bbox 784 3429 904 3510; x_wconf 88' lang='lat' dir='ltr'><strong>Olympo</strong></span> 
     </span>
    </p>

    <p class='ocr_par' dir='ltr' id='par_1_36' title="bbox 197 3513 958 3595">
     <span class='ocr_line' id='line_1_39' title="bbox 197 3513 958 3595; baseline 0.003 -21"><span class='ocrx_word' id='word_1_256' title='bbox 197 3524 366 3595; x_wconf 90' lang='lat' dir='ltr'><strong>septemque</strong></span> <span class='ocrx_word' id='word_1_257' title='bbox 388 3533 446 3576; x_wconf 86' lang='lat' dir='ltr'><strong>una</strong></span> <span class='ocrx_word' id='word_1_258' title='bbox 469 3515 523 3576; x_wconf 93' lang='lat' dir='ltr'><strong>sibi</strong></span> <span class='ocrx_word' id='word_1_259' title='bbox 544 3533 629 3576; x_wconf 94' lang='lat' dir='ltr'><strong>muro</strong></span> <span class='ocrx_word' id='word_1_260' title='bbox 649 3513 839 3575; x_wconf 90' lang='lat' dir='ltr'><strong>circumdabit</strong></span> <span class='ocrx_word' id='word_1_261' title='bbox 863 3533 958 3576; x_wconf 84' lang='lat' dir='ltr'><strong>arces.</strong></span> 
     </span>
    </p>
   </div>
   <div class='ocr_carea' id='block_1_4' title="bbox 0 0 1260 4096">
    <p class='ocr_par' dir='ltr' id='par_1_37' title="bbox 0 0 1260 4096">
     <span class='ocr_line' id='line_1_40' title="bbox 0 0 1260 4096; baseline 0 0"><span class='ocrx_word' id='word_1_262' title='bbox 0 0 1260 4096; x_wconf 95' lang='lat' dir='ltr'><strong> </strong></span> 
     </span>
    </p>
   </div>
  </div>
 </body>
</html>
