<?xml version="1.0" encoding="UTF-8"?>
<!DOCTYPE html PUBLIC "-//W3C//DTD XHTML 1.0 Transitional//EN"
    "http://www.w3.org/TR/xhtml1/DTD/xhtml1-transitional.dtd">
<html xmlns="http://www.w3.org/1999/xhtml" xml:lang="en" lang="en">
 <head>
  <title>
</title>
<meta http-equiv="Content-Type" content="text/html;charset=utf-8" />
  <meta name='ocr-system' content='tesseract 3.04.00' />
  <meta name='ocr-capabilities' content='ocr_page ocr_carea ocr_par ocr_line ocrx_word'/>
</head>
<body>
  <div class='ocr_page' id='page_1' title='image "./pvergilimaronis12virggoog/pvergilimaronis12virggoog_0039.png"; bbox 0 0 2512 4096; ppageno 0'>
   <div class='ocr_carea' id='block_1_1' title="bbox 443 257 796 308">
    <p class='ocr_par' dir='ltr' id='par_1_1' title="bbox 443 257 796 308">
     <span class='ocr_line' id='line_1_1' title="bbox 443 257 796 308; baseline -0.008 0"><span class='ocrx_word' id='word_1_1' title='bbox 443 260 587 308; x_wconf 75' lang='lat' dir='ltr'><strong>vultum</strong></span> <span class='ocrx_word' id='word_1_2' title='bbox 608 257 749 306; x_wconf 69' lang='lat' dir='ltr'><strong>lochosa</strong></span> <span class='ocrx_word' id='word_1_3' title='bbox 770 258 796 304; x_wconf 93' lang='lat'><strong>11</strong></span> 
     </span>
    </p>
   </div>
   <div class='ocr_carea' id='block_1_2' title="bbox 134 408 1184 3075">
    <p class='ocr_par' dir='ltr' id='par_1_2' title="bbox 134 408 1184 3075">
     <span class='ocr_line' id='line_1_2' title="bbox 243 408 995 492; baseline -0.009 -15"><span class='ocrx_word' id='word_1_4' title='bbox 243 417 268 477; x_wconf 91' lang='grc' dir='ltr'>Ο</span> <span class='ocrx_word' id='word_1_5' title='bbox 290 415 439 477; x_wconf 80' lang='lat' dir='ltr'><strong>tormonse</strong></span> <span class='ocrx_word' id='word_1_6' title='bbox 460 431 550 492; x_wconf 88' lang='lat' dir='ltr'><strong>puer,</strong></span> <span class='ocrx_word' id='word_1_7' title='bbox 573 415 696 474; x_wconf 91' lang='lat' dir='ltr'><strong>nimium</strong></span> <span class='ocrx_word' id='word_1_8' title='bbox 716 429 755 472; x_wconf 92' lang='lat' dir='ltr'><strong>ne</strong></span> <span class='ocrx_word' id='word_1_9' title='bbox 777 408 864 470; x_wconf 88' lang='lat' dir='ltr'><strong>crede</strong></span> <span class='ocrx_word' id='word_1_10' title='bbox 886 409 995 470; x_wconf 89' lang='lat' dir='ltr'><strong>colori!</strong></span> 
     </span>
     <span class='ocr_line' id='line_1_3' title="bbox 235 491 1184 578; baseline -0.006 -19"><span class='ocrx_word' id='word_1_11' title='bbox 235 499 312 578; x_wconf 65' lang='lat' dir='ltr'><strong>‚alba</strong></span> <span class='ocrx_word' id='word_1_12' title='bbox 333 498 455 576; x_wconf 86' lang='lat' dir='ltr'><strong>ligustra</strong></span> <span class='ocrx_word' id='word_1_13' title='bbox 477 497 598 566; x_wconf 89' lang='lat' dir='ltr'><strong>cadunt,</strong></span> <span class='ocrx_word' id='word_1_14' title='bbox 620 497 750 557; x_wconf 80' lang='lat' dir='ltr'><strong>vaccinia</strong></span> <span class='ocrx_word' id='word_1_15' title='bbox 769 495 854 571; x_wconf 91' lang='lat' dir='ltr'><strong>nigra</strong></span> <span class='ocrx_word' id='word_1_16' title='bbox 874 491 1026 571; x_wconf 88' lang='lat' dir='ltr'><strong>leguntur.</strong></span> <span class='ocrx_word' id='word_1_17' title='bbox 1183 492 1184 527; x_wconf 69' lang='lat' dir='ltr'><strong>l</strong></span> 
     </span>
     <span class='ocr_line' id='line_1_4' title="bbox 243 577 1074 664; baseline -0.004 -22"><span class='ocrx_word' id='word_1_18' title='bbox 243 583 399 664; x_wconf 85' lang='lat' dir='ltr'><strong>despectus</strong></span> <span class='ocrx_word' id='word_1_19' title='bbox 421 581 472 641; x_wconf 91' lang='lat' dir='ltr'><strong>tibi</strong></span> <span class='ocrx_word' id='word_1_20' title='bbox 493 599 575 649; x_wconf 90' lang='lat' dir='ltr'><strong>sum,</strong></span> <span class='ocrx_word' id='word_1_21' title='bbox 597 599 653 642; x_wconf 89' lang='lat' dir='ltr'><strong>nec</strong></span> <span class='ocrx_word' id='word_1_22' title='bbox 676 579 725 659; x_wconf 93' lang='lat' dir='ltr'><strong>qui</strong></span> <span class='ocrx_word' id='word_1_23' title='bbox 746 579 800 638; x_wconf 90' lang='lat' dir='ltr'><strong>sim</strong></span> <span class='ocrx_word' id='word_1_24' title='bbox 823 579 955 654; x_wconf 89' lang='lat' dir='ltr'><strong>quaeris,</strong></span> <span class='ocrx_word' id='word_1_25' title='bbox 979 577 1074 649; x_wconf 78' lang='lat' dir='ltr'><strong>Alexi,</strong></span> 
     </span>
     <span class='ocr_line' id='line_1_5' title="bbox 244 659 1132 744; baseline -0.001 -18"><span class='ocrx_word' id='word_1_26' title='bbox 244 684 332 744; x_wconf 92' lang='lat' dir='ltr'><strong>quam</strong></span> <span class='ocrx_word' id='word_1_27' title='bbox 347 667 426 726; x_wconf 90' lang='lat' dir='ltr'><strong>dives</strong></span> <span class='ocrx_word' id='word_1_28' title='bbox 440 666 572 742; x_wconf 89' lang='lat' dir='ltr'><strong>pecoris,</strong></span> <span class='ocrx_word' id='word_1_29' title='bbox 593 664 671 724; x_wconf 87' lang='lat' dir='ltr'><strong>nivei</strong></span> <span class='ocrx_word' id='word_1_30' title='bbox 692 679 780 740; x_wconf 90' lang='lat' dir='ltr'><strong>quam</strong></span> <span class='ocrx_word' id='word_1_31' title='bbox 801 659 883 721; x_wconf 90' lang='lat' dir='ltr'><strong>lactis</strong></span> <span class='ocrx_word' id='word_1_32' title='bbox 904 659 1078 723; x_wconf 86' lang='lat' dir='ltr'><strong>abundans:</strong></span> <span class='ocrx_word' id='word_1_33' title='bbox 1099 673 1132 725; x_wconf 73' lang='lat' dir='ltr'><strong>ao</strong></span> 
     </span>
     <span class='ocr_line' id='line_1_6' title="bbox 134 737 1026 822; baseline -0.002 -14"><span class='ocrx_word' id='word_1_34' title='bbox 134 743 142 766; x_wconf 92' lang='lat'><em>&#39;</em></span> <span class='ocrx_word' id='word_1_35' title='bbox 242 749 322 810; x_wconf 89' lang='lat' dir='ltr'><strong>mille</strong></span> <span class='ocrx_word' id='word_1_36' title='bbox 342 767 426 810; x_wconf 92' lang='lat' dir='ltr'><strong>meae</strong></span> <span class='ocrx_word' id='word_1_37' title='bbox 448 747 553 808; x_wconf 80' lang='lat' dir='ltr'>Siculis</span> <span class='ocrx_word' id='word_1_38' title='bbox 576 737 726 808; x_wconf 83' lang='lat' dir='ltr'><strong>errant&#39;iu</strong></span> <span class='ocrx_word' id='word_1_39' title='bbox 747 743 895 806; x_wconf 87' lang='lat' dir='ltr'><strong>montibus</strong></span> <span class='ocrx_word' id='word_1_40' title='bbox 916 761 1026 822; x_wconf 87' lang='lat' dir='ltr'><strong>agnae;</strong></span> 
     </span>
     <span class='ocr_line' id='line_1_7' title="bbox 244 826 1054 906; baseline -0.004 -14"><span class='ocrx_word' id='word_1_41' title='bbox 244 832 290 893; x_wconf 88' lang='lat' dir='ltr'><strong>lae</strong></span> <span class='ocrx_word' id='word_1_42' title='bbox 311 833 383 893; x_wconf 92' lang='lat' dir='ltr'><strong>mihi</strong></span> <span class='ocrx_word' id='word_1_43' title='bbox 403 849 464 892; x_wconf 91' lang='lat' dir='ltr'><strong>non</strong></span> <span class='ocrx_word' id='word_1_44' title='bbox 483 839 594 891; x_wconf 87' lang='lat' dir='ltr'><strong>aestate</strong></span> <span class='ocrx_word' id='word_1_45' title='bbox 615 846 738 898; x_wconf 90' lang='lat' dir='ltr'><strong>novom,</strong></span> <span class='ocrx_word' id='word_1_46' title='bbox 760 845 819 887; x_wconf 90' lang='lat' dir='ltr'><strong>non</strong></span> <span class='ocrx_word' id='word_1_47' title='bbox 841 826 951 906; x_wconf 80' lang='lat' dir='ltr'><strong>frigore</strong></span> <span class='ocrx_word' id='word_1_48' title='bbox 972 828 1054 889; x_wconf 87' lang='lat' dir='ltr'><strong>defit.</strong></span> 
     </span>
     <span class='ocr_line' id='line_1_8' title="bbox 135 909 1054 993; baseline -0.001 -18"><span class='ocrx_word' id='word_1_49' title='bbox 135 909 142 932; x_wconf 82' lang='lat'><em>&#39;</em></span> <span class='ocrx_word' id='word_1_50' title='bbox 241 923 341 985; x_wconf 83' lang='lat' dir='ltr'><strong>canto,</strong></span> <span class='ocrx_word' id='word_1_51' title='bbox 366 934 441 993; x_wconf 89' lang='lat' dir='ltr'><strong>quae</strong></span> <span class='ocrx_word' id='word_1_52' title='bbox 462 913 580 984; x_wconf 83' lang='lat' dir='ltr'><strong>solitus,</strong></span> <span class='ocrx_word' id='word_1_53' title='bbox 603 913 745 992; x_wconf 85' lang='lat' dir='ltr'><strong>siquando</strong></span> <span class='ocrx_word' id='word_1_54' title='bbox 767 918 897 972; x_wconf 89' lang='lat' dir='ltr'><strong>armenta</strong></span> <span class='ocrx_word' id='word_1_55' title='bbox 919 911 1054 982; x_wconf 85' lang='lat' dir='ltr'><strong>vocabat,</strong></span> 
     </span>
     <span class='ocr_line' id='line_1_9' title="bbox 244 995 1123 1077; baseline -0.008 -18"><span class='ocrx_word' id='word_1_56' title='bbox 244 999 390 1077; x_wconf 76' lang='lat' dir='ltr'><strong>Amphion</strong></span> <span class='ocrx_word' id='word_1_57' title='bbox 411 998 552 1059; x_wconf 82' lang='lat' dir='ltr'><strong>Dircaeus</strong></span> <span class='ocrx_word' id='word_1_58' title='bbox 573 999 604 1057; x_wconf 91' lang='lat' dir='ltr'><strong>in</strong></span> <span class='ocrx_word' id='word_1_59' title='bbox 624 998 732 1058; x_wconf 78' lang='lat' dir='ltr'><strong>Actaeo</strong></span> <span class='ocrx_word' id='word_1_60' title='bbox 753 995 922 1056; x_wconf 78' lang='lat' dir='ltr'><strong>braciutbo.</strong></span> <span class='ocrx_word' id='word_1_61' title='bbox 1121 995 1123 1000; x_wconf 69' lang='lat'>&#39;</span> 
     </span>
     <span class='ocr_line' id='line_1_10' title="bbox 137 1072 1131 1157; baseline 0 -13"><span class='ocrx_word' id='word_1_62' title='bbox 137 1072 144 1101; x_wconf 94' lang='lat'><em>&#39;</em></span> <span class='ocrx_word' id='word_1_63' title='bbox 244 1101 301 1144; x_wconf 89' lang='lat' dir='ltr'><strong>nec</strong></span> <span class='ocrx_word' id='word_1_64' title='bbox 321 1100 388 1142; x_wconf 90' lang='lat' dir='ltr'><strong>sum</strong></span> <span class='ocrx_word' id='word_1_65' title='bbox 409 1082 482 1144; x_wconf 91' lang='lat' dir='ltr'><strong>adeo</strong></span> <span class='ocrx_word' id='word_1_66' title='bbox 504 1081 650 1141; x_wconf 81' lang='lat' dir='ltr'><strong>informis:</strong></span> <span class='ocrx_word' id='word_1_67' title='bbox 673 1097 769 1157; x_wconf 83' lang='lat' dir='ltr'><strong>nuper</strong></span> <span class='ocrx_word' id='word_1_68' title='bbox 790 1097 837 1140; x_wconf 92' lang='lat' dir='ltr'><strong>me</strong></span> <span class='ocrx_word' id='word_1_69' title='bbox 860 1079 889 1138; x_wconf 93' lang='lat' dir='ltr'><strong>in</strong></span> <span class='ocrx_word' id='word_1_70' title='bbox 910 1077 997 1140; x_wconf 84' lang='lat' dir='ltr'><strong>litore</strong></span> <span class='ocrx_word' id='word_1_71' title='bbox 1012 1079 1083 1151; x_wconf 80' lang='lat' dir='ltr'><strong>vidt</strong></span> <span class='ocrx_word' id='word_1_72' title='bbox 1099 1090 1131 1144; x_wconf 73' lang='lat'><strong>25</strong></span> 
     </span>
     <span class='ocr_line' id='line_1_11' title="bbox 192 1162 1131 1244; baseline -0.001 -17"><span class='ocrx_word' id='word_1_73' title='bbox 192 1191 232 1209; x_wconf 49' lang='grc' dir='ltr'><strong>«τ’</strong></span> <span class='ocrx_word' id='word_1_74' title='bbox 246 1184 314 1227; x_wconf 88' lang='lat' dir='ltr'><strong>cum</strong></span> <span class='ocrx_word' id='word_1_75' title='bbox 335 1165 482 1244; x_wconf 85' lang='lat' dir='ltr'><strong>placidum</strong></span> <span class='ocrx_word' id='word_1_76' title='bbox 504 1167 596 1226; x_wconf 91' lang='lat' dir='ltr'><strong>ventis</strong></span> <span class='ocrx_word' id='word_1_77' title='bbox 617 1169 708 1224; x_wconf 88' lang='lat' dir='ltr'><strong>staret</strong></span> <span class='ocrx_word' id='word_1_78' title='bbox 721 1181 818 1231; x_wconf 90' lang='lat' dir='ltr'><strong>mare;</strong></span> <span class='ocrx_word' id='word_1_79' title='bbox 840 1179 900 1222; x_wconf 90' lang='lat' dir='ltr'><strong>non</strong></span> <span class='ocrx_word' id='word_1_80' title='bbox 915 1178 970 1239; x_wconf 88' lang='lat' dir='ltr'><strong>ego</strong></span> <span class='ocrx_word' id='word_1_81' title='bbox 985 1162 1131 1242; x_wconf 85' lang='lat' dir='ltr'><strong>Daphnim</strong></span> 
     </span>
     <span class='ocr_line' id='line_1_12' title="bbox 244 1244 1007 1326; baseline -0.007 -16"><span class='ocrx_word' id='word_1_82' title='bbox 244 1250 341 1311; x_wconf 89' lang='lat' dir='ltr'><strong>iudice</strong></span> <span class='ocrx_word' id='word_1_83' title='bbox 363 1256 391 1310; x_wconf 90' lang='lat' dir='ltr'><strong>te</strong></span> <span class='ocrx_word' id='word_1_84' title='bbox 412 1255 559 1317; x_wconf 89' lang='lat' dir='ltr'><strong>metuam,</strong></span> <span class='ocrx_word' id='word_1_85' title='bbox 582 1248 607 1307; x_wconf 93' lang='lat' dir='ltr'><strong>si</strong></span> <span class='ocrx_word' id='word_1_86' title='bbox 628 1264 786 1326; x_wconf 88' lang='lat' dir='ltr'><strong>numquam</strong></span> <span class='ocrx_word' id='word_1_87' title='bbox 808 1244 880 1306; x_wconf 83' lang='lat' dir='ltr'><strong>iallit</strong></span> <span class='ocrx_word' id='word_1_88' title='bbox 900 1247 1007 1323; x_wconf 80' lang='lat' dir='ltr'><strong>imago.</strong></span> 
     </span>
     <span class='ocr_line' id='line_1_13' title="bbox 247 1329 957 1394; baseline -0.003 -2"><span class='ocrx_word' id='word_1_89' title='bbox 247 1332 406 1394; x_wconf 88' lang='lat' dir='ltr'><strong>Otantum</strong></span> <span class='ocrx_word' id='word_1_90' title='bbox 428 1332 517 1393; x_wconf 87' lang='lat' dir='ltr'><strong>libeat</strong></span> <span class='ocrx_word' id='word_1_91' title='bbox 537 1349 654 1392; x_wconf 91' lang='lat' dir='ltr'><strong>mecum</strong></span> <span class='ocrx_word' id='word_1_92' title='bbox 674 1329 727 1390; x_wconf 79' lang='lat' dir='ltr'><strong>tibi</strong></span> <span class='ocrx_word' id='word_1_93' title='bbox 749 1329 866 1390; x_wconf 90' lang='lat' dir='ltr'><strong>sordida</strong></span> <span class='ocrx_word' id='word_1_94' title='bbox 887 1347 957 1390; x_wconf 88' lang='lat' dir='ltr'><strong>rura</strong></span> 
     </span>
     <span class='ocr_line' id='line_1_14' title="bbox 246 1413 1041 1493; baseline -0.003 -19"><span class='ocrx_word' id='word_1_95' title='bbox 246 1422 332 1493; x_wconf 91' lang='lat' dir='ltr'><strong>atque</strong></span> <span class='ocrx_word' id='word_1_96' title='bbox 354 1416 472 1476; x_wconf 87' lang='lat' dir='ltr'><strong>humilis</strong></span> <span class='ocrx_word' id='word_1_97' title='bbox 493 1415 626 1475; x_wconf 88' lang='lat' dir='ltr'><strong>babitare</strong></span> <span class='ocrx_word' id='word_1_98' title='bbox 648 1431 744 1480; x_wconf 88' lang='lat' dir='ltr'><strong>casas,</strong></span> <span class='ocrx_word' id='word_1_99' title='bbox 768 1423 797 1473; x_wconf 92' lang='lat' dir='ltr'><strong>et</strong></span> <span class='ocrx_word' id='word_1_100' title='bbox 817 1413 908 1490; x_wconf 89' lang='lat' dir='ltr'><strong>ligere</strong></span> <span class='ocrx_word' id='word_1_101' title='bbox 929 1430 1041 1484; x_wconf 88' lang='lat' dir='ltr'><strong>cervos,</strong></span> 
     </span>
     <span class='ocr_line' id='line_1_15' title="bbox 245 1495 1132 1576; baseline 0 -19"><span class='ocrx_word' id='word_1_102' title='bbox 245 1498 467 1576; x_wconf 83' lang='lat' dir='ltr'><strong>haedorumque</strong></span> <span class='ocrx_word' id='word_1_103' title='bbox 489 1516 609 1576; x_wconf 82' lang='lat' dir='ltr'><strong>gregem</strong></span> <span class='ocrx_word' id='word_1_104' title='bbox 631 1496 715 1558; x_wconf 91' lang='lat' dir='ltr'><strong>viridi</strong></span> <span class='ocrx_word' id='word_1_105' title='bbox 738 1495 913 1574; x_wconf 89' lang='lat' dir='ltr'><strong>compellere</strong></span> <span class='ocrx_word' id='word_1_106' title='bbox 932 1495 1063 1558; x_wconf 86' lang='lat' dir='ltr'><strong>hibisco!</strong></span> <span class='ocrx_word' id='word_1_107' title='bbox 1098 1509 1132 1563; x_wconf 77' lang='lat' dir='ltr'><strong>ao</strong></span> 
     </span>
     <span class='ocr_line' id='line_1_16' title="bbox 144 1579 1031 1642; baseline 0 -1"><span class='ocrx_word' id='word_1_108' title='bbox 144 1587 148 1595; x_wconf 83' lang='lat'>&#39;</span> <span class='ocrx_word' id='word_1_109' title='bbox 198 1599 364 1642; x_wconf 76' lang='lat' dir='ltr'><strong>-mccum</strong></span> <span class='ocrx_word' id='word_1_110' title='bbox 387 1600 445 1641; x_wconf 90' lang='lat' dir='ltr'><strong>uua</strong></span> <span class='ocrx_word' id='word_1_111' title='bbox 466 1583 496 1641; x_wconf 93' lang='lat' dir='ltr'><strong>in</strong></span> <span class='ocrx_word' id='word_1_112' title='bbox 518 1583 595 1642; x_wconf 89' lang='lat' dir='ltr'><strong>silvis</strong></span> <span class='ocrx_word' id='word_1_113' title='bbox 616 1579 769 1641; x_wconf 82' lang='lat' dir='ltr'><strong>imitabere</strong></span> <span class='ocrx_word' id='word_1_114' title='bbox 790 1580 868 1640; x_wconf 90' lang='lat' dir='ltr'><strong>Paua</strong></span> <span class='ocrx_word' id='word_1_115' title='bbox 890 1580 1031 1641; x_wconf 91' lang='lat' dir='ltr'><strong>canendo.</strong></span> 
     </span>
     <span class='ocr_line' id='line_1_17' title="bbox 247 1662 1132 1741; baseline 0.006 -18"><span class='ocrx_word' id='word_1_116' title='bbox 247 1681 302 1725; x_wconf 89' lang='lat' dir='ltr'><strong>nec</strong></span> <span class='ocrx_word' id='word_1_117' title='bbox 323 1671 353 1725; x_wconf 89' lang='lat' dir='ltr'><strong>te</strong></span> <span class='ocrx_word' id='word_1_118' title='bbox 374 1665 520 1741; x_wconf 86' lang='lat' dir='ltr'><strong>paeniteat</strong></span> <span class='ocrx_word' id='word_1_119' title='bbox 541 1665 652 1725; x_wconf 89' lang='lat' dir='ltr'><strong>calamo</strong></span> <span class='ocrx_word' id='word_1_120' title='bbox 674 1665 787 1725; x_wconf 80' lang='lat' dir='ltr'><strong>trivisse</strong></span> <span class='ocrx_word' id='word_1_121' title='bbox 808 1662 961 1724; x_wconf 90' lang='lat' dir='ltr'><strong>labellum:</strong></span> <span class='ocrx_word' id='word_1_122' title='bbox 1098 1673 1132 1728; x_wconf 77' lang='grc'><strong>34</strong></span> 
     </span>
     <span class='ocr_line' id='line_1_18' title="bbox 246 1746 1131 1825; baseline 0.007 -18"><span class='ocrx_word' id='word_1_123' title='bbox 246 1747 320 1808; x_wconf 90' lang='lat' dir='ltr'><strong>baec</strong></span> <span class='ocrx_word' id='word_1_124' title='bbox 334 1748 437 1808; x_wconf 88' lang='lat' dir='ltr'><strong>eadem</strong></span> <span class='ocrx_word' id='word_1_125' title='bbox 452 1755 485 1807; x_wconf 91' lang='lat' dir='ltr'><strong>ut</strong></span> <span class='ocrx_word' id='word_1_126' title='bbox 499 1749 601 1817; x_wconf 84' lang='lat' dir='ltr'><strong>sciret,</strong></span> <span class='ocrx_word' id='word_1_127' title='bbox 625 1748 694 1825; x_wconf 93' lang='lat' dir='ltr'><strong>quid</strong></span> <span class='ocrx_word' id='word_1_128' title='bbox 708 1765 767 1807; x_wconf 90' lang='lat' dir='ltr'><strong>uon</strong></span> <span class='ocrx_word' id='word_1_129' title='bbox 783 1746 907 1807; x_wconf 87' lang='lat' dir='ltr'><strong>iaciebat</strong></span> <span class='ocrx_word' id='word_1_130' title='bbox 917 1746 1076 1825; x_wconf 73' lang='lat' dir='ltr'><strong>Amyntasi</strong></span> <span class='ocrx_word' id='word_1_131' title='bbox 1099 1759 1131 1813; x_wconf 82' lang='lat'><strong>35</strong></span> 
     </span>
     <span class='ocr_line' id='line_1_19' title="bbox 244 1826 1006 1908; baseline -0.001 -18"><span class='ocrx_word' id='word_1_132' title='bbox 244 1830 295 1890; x_wconf 87' lang='lat' dir='ltr'><strong>Est</strong></span> <span class='ocrx_word' id='word_1_133' title='bbox 316 1831 387 1892; x_wconf 91' lang='lat' dir='ltr'><strong>mihi</strong></span> <span class='ocrx_word' id='word_1_134' title='bbox 410 1830 574 1907; x_wconf 82' lang='lat' dir='ltr'><strong>disparibus</strong></span> <span class='ocrx_word' id='word_1_135' title='bbox 596 1826 708 1908; x_wconf 83' lang='lat' dir='ltr'><strong>septem</strong></span> <span class='ocrx_word' id='word_1_136' title='bbox 730 1836 881 1907; x_wconf 92' lang='lat' dir='ltr'><strong>compacta</strong></span> <span class='ocrx_word' id='word_1_137' title='bbox 903 1830 1006 1890; x_wconf 85' lang='lat' dir='ltr'><strong>cicutis</strong></span> 
     </span>
     <span class='ocr_line' id='line_1_20' title="bbox 246 1912 1028 1992; baseline 0.001 -19"><span class='ocrx_word' id='word_1_138' title='bbox 246 1912 356 1983; x_wconf 85' lang='lat' dir='ltr'><strong>fistula,</strong></span> <span class='ocrx_word' id='word_1_139' title='bbox 379 1914 533 1974; x_wconf 82' lang='lat' dir='ltr'><strong>Damoetas</strong></span> <span class='ocrx_word' id='word_1_140' title='bbox 555 1915 632 1975; x_wconf 90' lang='lat' dir='ltr'><strong>dono</strong></span> <span class='ocrx_word' id='word_1_141' title='bbox 655 1914 726 1975; x_wconf 94' lang='lat' dir='ltr'><strong>mihi</strong></span> <span class='ocrx_word' id='word_1_142' title='bbox 748 1931 835 1992; x_wconf 93' lang='lat' dir='ltr'><strong>quam</strong></span> <span class='ocrx_word' id='word_1_143' title='bbox 857 1913 936 1974; x_wconf 89' lang='lat' dir='ltr'><strong>dedit</strong></span> <span class='ocrx_word' id='word_1_144' title='bbox 957 1912 1028 1974; x_wconf 92' lang='lat' dir='ltr'><strong>olim</strong></span> 
     </span>
     <span class='ocr_line' id='line_1_21' title="bbox 247 1995 1090 2058; baseline 0 0"><span class='ocrx_word' id='word_1_145' title='bbox 247 2004 276 2058; x_wconf 90' lang='lat' dir='ltr'><strong>et</strong></span> <span class='ocrx_word' id='word_1_146' title='bbox 297 1998 368 2058; x_wconf 84' lang='lat' dir='ltr'><strong>dixit</strong></span> <span class='ocrx_word' id='word_1_147' title='bbox 389 1999 533 2058; x_wconf 88' lang='lat' dir='ltr'><strong>moriens:</strong></span> <span class='ocrx_word' id='word_1_148' title='bbox 563 2005 601 2057; x_wconf 87' lang='lat' dir='ltr'><strong>‘te</strong></span> <span class='ocrx_word' id='word_1_149' title='bbox 622 2015 701 2058; x_wconf 90' lang='lat' dir='ltr'><strong>nuuc</strong></span> <span class='ocrx_word' id='word_1_150' title='bbox 722 1997 811 2057; x_wconf 91' lang='lat' dir='ltr'><strong>babet</strong></span> <span class='ocrx_word' id='word_1_151' title='bbox 831 1998 885 2056; x_wconf 88' lang='lat' dir='ltr'><strong>ista</strong></span> <span class='ocrx_word' id='word_1_152' title='bbox 906 1995 1090 2058; x_wconf 68' lang='lat' dir='ltr'><strong>secundum!</strong></span> 
     </span>
     <span class='ocr_line' id='line_1_22' title="bbox 244 2079 1132 2158; baseline -0.002 -16"><span class='ocrx_word' id='word_1_153' title='bbox 244 2088 397 2158; x_wconf 88' lang='lat' dir='ltr'><strong>praetcrea</strong></span> <span class='ocrx_word' id='word_1_154' title='bbox 419 2081 477 2142; x_wconf 93' lang='lat' dir='ltr'><strong>duo</strong></span> <span class='ocrx_word' id='word_1_155' title='bbox 500 2099 555 2142; x_wconf 88' lang='lat' dir='ltr'><strong>nec</strong></span> <span class='ocrx_word' id='word_1_156' title='bbox 576 2088 638 2142; x_wconf 85' lang='lat' dir='ltr'><strong>tuta</strong></span> <span class='ocrx_word' id='word_1_157' title='bbox 659 2082 731 2141; x_wconf 90' lang='lat' dir='ltr'><strong>mihi</strong></span> <span class='ocrx_word' id='word_1_158' title='bbox 753 2079 825 2141; x_wconf 92' lang='lat' dir='ltr'><strong>valle</strong></span> <span class='ocrx_word' id='word_1_159' title='bbox 847 2081 956 2157; x_wconf 86' lang='lat' dir='ltr'><strong>reperti</strong></span> <span class='ocrx_word' id='word_1_160' title='bbox 1098 2091 1132 2145; x_wconf 72' lang='lat' dir='ltr'><strong>tc</strong></span> 
     </span>
     <span class='ocr_line' id='line_1_23' title="bbox 247 2162 1173 2242; baseline -0.003 -19"><span class='ocrx_word' id='word_1_161' title='bbox 247 2165 389 2242; x_wconf 90' lang='lat' dir='ltr'><strong>capreoli,</strong></span> <span class='ocrx_word' id='word_1_162' title='bbox 412 2166 520 2242; x_wconf 91' lang='lat' dir='ltr'><strong>sparsis</strong></span> <span class='ocrx_word' id='word_1_163' title='bbox 543 2166 629 2226; x_wconf 86' lang='lat' dir='ltr'><strong>etiam</strong></span> <span class='ocrx_word' id='word_1_164' title='bbox 650 2183 730 2226; x_wconf 91' lang='lat' dir='ltr'><strong>nunc</strong></span> <span class='ocrx_word' id='word_1_165' title='bbox 750 2162 875 2242; x_wconf 90' lang='lat' dir='ltr'><strong>pellibus</strong></span> <span class='ocrx_word' id='word_1_166' title='bbox 896 2162 977 2231; x_wconf 81' lang='lat' dir='ltr'><strong>albo:</strong></span> <span class='ocrx_word' id='word_1_167' title='bbox 1171 2182 1173 2187; x_wconf 94' lang='lat'>·</span> 
     </span>
     <span class='ocr_line' id='line_1_24' title="bbox 247 2245 1010 2327; baseline -0.001 -21"><span class='ocrx_word' id='word_1_168' title='bbox 247 2245 315 2308; x_wconf 88' lang='lat' dir='ltr'><strong>bina</strong></span> <span class='ocrx_word' id='word_1_169' title='bbox 337 2249 384 2308; x_wconf 88' lang='lat' dir='ltr'><strong>die</strong></span> <span class='ocrx_word' id='word_1_170' title='bbox 406 2250 516 2309; x_wconf 89' lang='lat' dir='ltr'><strong>siccant</strong></span> <span class='ocrx_word' id='word_1_171' title='bbox 538 2250 598 2308; x_wconf 90' lang='lat' dir='ltr'><strong>ovis</strong></span> <span class='ocrx_word' id='word_1_172' title='bbox 619 2248 725 2308; x_wconf 88' lang='lat' dir='ltr'><strong>ubera:</strong></span> <span class='ocrx_word' id='word_1_173' title='bbox 750 2265 823 2327; x_wconf 90' lang='lat' dir='ltr'><strong>quos</strong></span> <span class='ocrx_word' id='word_1_174' title='bbox 844 2246 896 2307; x_wconf 91' lang='lat' dir='ltr'><strong>tibi</strong></span> <span class='ocrx_word' id='word_1_175' title='bbox 917 2263 1010 2306; x_wconf 87' lang='lat' dir='ltr'><strong>servo.</strong></span> 
     </span>
     <span class='ocr_line' id='line_1_25' title="bbox 247 2328 1069 2409; baseline 0.004 -22"><span class='ocrx_word' id='word_1_176' title='bbox 247 2329 305 2388; x_wconf 91' lang='lat' dir='ltr'><strong>iam</strong></span> <span class='ocrx_word' id='word_1_177' title='bbox 326 2331 440 2406; x_wconf 89' lang='lat' dir='ltr'><strong>pridem</strong></span> <span class='ocrx_word' id='word_1_178' title='bbox 462 2351 478 2390; x_wconf 91' lang='lat' dir='ltr'><strong>a</strong></span> <span class='ocrx_word' id='word_1_179' title='bbox 499 2350 547 2391; x_wconf 92' lang='lat' dir='ltr'><strong>me</strong></span> <span class='ocrx_word' id='word_1_180' title='bbox 568 2331 634 2391; x_wconf 91' lang='lat' dir='ltr'><strong>illos</strong></span> <span class='ocrx_word' id='word_1_181' title='bbox 656 2332 803 2392; x_wconf 88' lang='lat' dir='ltr'><strong>abducere</strong></span> <span class='ocrx_word' id='word_1_182' title='bbox 824 2328 967 2409; x_wconf 81' lang='lat' dir='ltr'><strong>Thestylis</strong></span> <span class='ocrx_word' id='word_1_183' title='bbox 988 2337 1069 2400; x_wconf 89' lang='lat' dir='ltr'><strong>orat;</strong></span> 
     </span>
     <span class='ocr_line' id='line_1_26' title="bbox 249 2412 1054 2491; baseline 0.005 -21"><span class='ocrx_word' id='word_1_184' title='bbox 249 2418 278 2470; x_wconf 90' lang='lat' dir='ltr'><strong>et</strong></span> <span class='ocrx_word' id='word_1_185' title='bbox 299 2412 404 2482; x_wconf 78' lang='lat' dir='ltr'><strong>saciet,</strong></span> <span class='ocrx_word' id='word_1_186' title='bbox 427 2415 564 2491; x_wconf 88' lang='lat' dir='ltr'><strong>quoniam</strong></span> <span class='ocrx_word' id='word_1_187' title='bbox 586 2414 706 2474; x_wconf 85' lang='lat' dir='ltr'><strong>sordent</strong></span> <span class='ocrx_word' id='word_1_188' title='bbox 726 2415 779 2474; x_wconf 90' lang='lat' dir='ltr'><strong>tibi</strong></span> <span class='ocrx_word' id='word_1_189' title='bbox 800 2431 923 2475; x_wconf 86' lang='lat' dir='ltr'><strong>munera</strong></span> <span class='ocrx_word' id='word_1_190' title='bbox 944 2419 1054 2474; x_wconf 88' lang='lat' dir='ltr'><strong>nostra.</strong></span> 
     </span>
     <span class='ocr_line' id='line_1_27' title="bbox 247 2493 1133 2574; baseline 0.01 -20"><span class='ocrx_word' id='word_1_191' title='bbox 247 2493 311 2554; x_wconf 87' lang='lat' dir='ltr'><strong>Huc</strong></span> <span class='ocrx_word' id='word_1_192' title='bbox 331 2495 416 2564; x_wconf 90' lang='lat' dir='ltr'><strong>ades,</strong></span> <span class='ocrx_word' id='word_1_193' title='bbox 440 2514 457 2555; x_wconf 90' lang='lat' dir='ltr'><strong>c</strong></span> <span class='ocrx_word' id='word_1_194' title='bbox 479 2496 628 2556; x_wconf 82' lang='lat' dir='ltr'><strong>sormonse</strong></span> <span class='ocrx_word' id='word_1_195' title='bbox 648 2514 738 2573; x_wconf 90' lang='lat' dir='ltr'><strong>puer:</strong></span> <span class='ocrx_word' id='word_1_196' title='bbox 766 2497 818 2558; x_wconf 91' lang='lat' dir='ltr'><strong>tibi</strong></span> <span class='ocrx_word' id='word_1_197' title='bbox 840 2496 898 2557; x_wconf 90' lang='lat' dir='ltr'><strong>lilia</strong></span> <span class='ocrx_word' id='word_1_198' title='bbox 919 2496 1012 2574; x_wconf 84' lang='lat' dir='ltr'><strong>plenis</strong></span> <span class='ocrx_word' id='word_1_199' title='bbox 1098 2508 1133 2563; x_wconf 79' lang='lat'><strong>45</strong></span> 
     </span>
     <span class='ocr_line' id='line_1_28' title="bbox 247 2578 1074 2657; baseline 0.008 -21"><span class='ocrx_word' id='word_1_200' title='bbox 247 2595 316 2637; x_wconf 85' lang='lat' dir='ltr'><strong>ecce</strong></span> <span class='ocrx_word' id='word_1_201' title='bbox 337 2578 435 2638; x_wconf 88' lang='lat' dir='ltr'><strong>lerunt</strong></span> <span class='ocrx_word' id='word_1_202' title='bbox 456 2579 602 2657; x_wconf 84' lang='lat' dir='ltr'><strong>nymphae</strong></span> <span class='ocrx_word' id='word_1_203' title='bbox 623 2580 758 2649; x_wconf 87' lang='lat' dir='ltr'><strong>calathis;</strong></span> <span class='ocrx_word' id='word_1_204' title='bbox 781 2581 834 2640; x_wconf 93' lang='lat' dir='ltr'><strong>tibi</strong></span> <span class='ocrx_word' id='word_1_205' title='bbox 857 2580 978 2641; x_wconf 91' lang='lat' dir='ltr'><strong>candida</strong></span> <span class='ocrx_word' id='word_1_206' title='bbox 1000 2583 1074 2654; x_wconf 86' lang='lat' dir='ltr'><strong>nais,</strong></span> 
     </span>
     <span class='ocr_line' id='line_1_29' title="bbox 245 2660 996 2743; baseline 0.008 -24"><span class='ocrx_word' id='word_1_207' title='bbox 245 2660 379 2738; x_wconf 91' lang='lat' dir='ltr'><strong>pallentis</strong></span> <span class='ocrx_word' id='word_1_208' title='bbox 401 2661 490 2720; x_wconf 92' lang='lat' dir='ltr'><strong>violas</strong></span> <span class='ocrx_word' id='word_1_209' title='bbox 512 2670 541 2721; x_wconf 90' lang='lat' dir='ltr'><strong>et</strong></span> <span class='ocrx_word' id='word_1_210' title='bbox 562 2681 674 2724; x_wconf 91' lang='lat' dir='ltr'><strong>summa</strong></span> <span class='ocrx_word' id='word_1_211' title='bbox 696 2683 841 2742; x_wconf 87' lang='lat' dir='ltr'><strong>papavera</strong></span> <span class='ocrx_word' id='word_1_212' title='bbox 864 2681 996 2743; x_wconf 84' lang='lat' dir='ltr'><strong>carpens,</strong></span> 
     </span>
     <span class='ocr_line' id='line_1_30' title="bbox 244 2745 1051 2824; baseline 0.007 -22"><span class='ocrx_word' id='word_1_213' title='bbox 244 2746 407 2805; x_wconf 87' lang='lat' dir='ltr'><strong>narcissum</strong></span> <span class='ocrx_word' id='word_1_214' title='bbox 430 2752 458 2805; x_wconf 93' lang='lat' dir='ltr'><strong>et</strong></span> <span class='ocrx_word' id='word_1_215' title='bbox 479 2745 582 2806; x_wconf 92' lang='lat' dir='ltr'><strong>llorem</strong></span> <span class='ocrx_word' id='word_1_216' title='bbox 604 2749 697 2824; x_wconf 88' lang='lat' dir='ltr'><strong>iungit</strong></span> <span class='ocrx_word' id='word_1_217' title='bbox 717 2749 793 2809; x_wconf 91' lang='lat' dir='ltr'><strong>hene</strong></span> <span class='ocrx_word' id='word_1_218' title='bbox 815 2747 919 2809; x_wconf 90' lang='lat' dir='ltr'><strong>olentis</strong></span> <span class='ocrx_word' id='word_1_219' title='bbox 939 2747 1051 2818; x_wconf 89' lang='lat' dir='ltr'><strong>anetbi;</strong></span> 
     </span>
     <span class='ocr_line' id='line_1_31' title="bbox 246 2829 1031 2908; baseline 0.008 -23"><span class='ocrx_word' id='word_1_220' title='bbox 246 2832 308 2887; x_wconf 92' lang='lat' dir='ltr'><strong>tum</strong></span> <span class='ocrx_word' id='word_1_221' title='bbox 330 2830 406 2887; x_wconf 90' lang='lat' dir='ltr'><strong>casia</strong></span> <span class='ocrx_word' id='word_1_222' title='bbox 428 2836 515 2908; x_wconf 90' lang='lat' dir='ltr'><strong>atque</strong></span> <span class='ocrx_word' id='word_1_223' title='bbox 537 2829 599 2890; x_wconf 89' lang='lat' dir='ltr'><strong>aliis</strong></span> <span class='ocrx_word' id='word_1_224' title='bbox 620 2832 753 2892; x_wconf 85' lang='lat' dir='ltr'><strong>intexens</strong></span> <span class='ocrx_word' id='word_1_225' title='bbox 775 2831 911 2893; x_wconf 91' lang='lat' dir='ltr'><strong>suavibus</strong></span> <span class='ocrx_word' id='word_1_226' title='bbox 931 2831 1031 2892; x_wconf 89' lang='lat' dir='ltr'><strong>herbis</strong></span> 
     </span>
     <span class='ocr_line' id='line_1_32' title="bbox 244 2909 1133 2992; baseline 0.012 -22"><span class='ocrx_word' id='word_1_227' title='bbox 244 2909 342 2970; x_wconf 91' lang='lat' dir='ltr'><strong>mollia</strong></span> <span class='ocrx_word' id='word_1_228' title='bbox 363 2910 470 2972; x_wconf 90' lang='lat' dir='ltr'><strong>luteola</strong></span> <span class='ocrx_word' id='word_1_229' title='bbox 492 2915 584 2992; x_wconf 90' lang='lat' dir='ltr'><strong>pingit</strong></span> <span class='ocrx_word' id='word_1_230' title='bbox 604 2916 732 2977; x_wconf 87' lang='lat' dir='ltr'><strong>vaccinia</strong></span> <span class='ocrx_word' id='word_1_231' title='bbox 755 2913 836 2975; x_wconf 87' lang='lat' dir='ltr'><strong>calta.</strong></span> <span class='ocrx_word' id='word_1_232' title='bbox 1097 2929 1133 2981; x_wconf 87' lang='lat'><strong>50</strong></span> 
     </span>
     <span class='ocr_line' id='line_1_33' title="bbox 247 2992 977 3075; baseline 0.011 -25"><span class='ocrx_word' id='word_1_233' title='bbox 247 2992 310 3071; x_wconf 91' lang='lat' dir='ltr'><strong>ipse</strong></span> <span class='ocrx_word' id='word_1_234' title='bbox 332 3012 387 3071; x_wconf 89' lang='lat' dir='ltr'><strong>ego</strong></span> <span class='ocrx_word' id='word_1_235' title='bbox 410 3013 481 3057; x_wconf 89' lang='lat' dir='ltr'><strong>cana</strong></span> <span class='ocrx_word' id='word_1_236' title='bbox 503 2995 598 3075; x_wconf 88' lang='lat' dir='ltr'><strong>legam</strong></span> <span class='ocrx_word' id='word_1_237' title='bbox 619 3005 721 3061; x_wconf 87' lang='lat' dir='ltr'><strong>tenera</strong></span> <span class='ocrx_word' id='word_1_238' title='bbox 742 2997 881 3075; x_wconf 89' lang='lat' dir='ltr'><strong>lanugine</strong></span> <span class='ocrx_word' id='word_1_239' title='bbox 902 2997 977 3059; x_wconf 90' lang='lat' dir='ltr'><strong>mala</strong></span> 
     </span>
    </p>
   </div>
   <div class='ocr_carea' id='block_1_3' title="bbox 246 3164 1091 3248">
    <p class='ocr_par' dir='ltr' id='par_1_3' title="bbox 246 3164 1091 3248">
     <span class='ocr_line' id='line_1_34' title="bbox 246 3164 1091 3248; baseline 0.008 -29"><span class='ocrx_word' id='word_1_240' title='bbox 246 3167 453 3241; x_wconf 84' lang='lat' dir='ltr'><strong>castaneasque</strong></span> <span class='ocrx_word' id='word_1_241' title='bbox 474 3181 581 3234; x_wconf 88' lang='lat' dir='ltr'><strong>nuces,</strong></span> <span class='ocrx_word' id='word_1_242' title='bbox 604 3184 669 3226; x_wconf 88' lang='lat' dir='ltr'><strong>mea</strong></span> <span class='ocrx_word' id='word_1_243' title='bbox 691 3185 764 3244; x_wconf 86' lang='lat' dir='ltr'><strong>quas</strong></span> <span class='ocrx_word' id='word_1_244' title='bbox 785 3164 938 3248; x_wconf 77' lang='lat' dir='ltr'><strong>Amaryllis</strong></span> <span class='ocrx_word' id='word_1_245' title='bbox 960 3165 1091 3236; x_wconf 88' lang='lat' dir='ltr'><strong>amabat;</strong></span> 
     </span>
    </p>
   </div>
   <div class='ocr_carea' id='block_1_4' title="bbox 244 3324 1132 3580">
    <p class='ocr_par' dir='ltr' id='par_1_4' title="bbox 244 3324 1132 3580">
     <span class='ocr_line' id='line_1_35' title="bbox 245 3324 1132 3415; baseline 0.02 -34"><span class='ocrx_word' id='word_1_246' title='bbox 245 3326 300 3415; x_wconf 71' lang='lat' dir='ltr'><strong>l&#39;au</strong></span> <span class='ocrx_word' id='word_1_247' title='bbox 321 3330 437 3402; x_wconf 89' lang='lat' dir='ltr'><strong>primum</strong></span> <span class='ocrx_word' id='word_1_248' title='bbox 460 3331 577 3390; x_wconf 88' lang='lat' dir='ltr'><strong>calamos</strong></span> <span class='ocrx_word' id='word_1_249' title='bbox 598 3352 660 3396; x_wconf 86' lang='lat' dir='ltr'><strong>cera</strong></span> <span class='ocrx_word' id='word_1_250' title='bbox 681 3335 847 3410; x_wconf 88' lang='lat' dir='ltr'><strong>coniungere</strong></span> <span class='ocrx_word' id='word_1_251' title='bbox 868 3337 956 3411; x_wconf 91' lang='lat' dir='ltr'><strong>pluris</strong></span> <span class='ocrx_word' id='word_1_252' title='bbox 1044 3324 1046 3328; x_wconf 8' lang='grc' dir='ltr'>ἱ</span> <span class='ocrx_word' id='word_1_253' title='bbox 1096 3343 1132 3401; x_wconf 75' lang='grc'><strong>32</strong></span> 
     </span>
     <span class='ocr_line' id='line_1_36' title="bbox 245 3411 961 3494; baseline 0.015 -30"><span class='ocrx_word' id='word_1_254' title='bbox 245 3411 373 3475; x_wconf 76' lang='lat' dir='ltr'><strong>instituit,</strong></span> <span class='ocrx_word' id='word_1_255' title='bbox 393 3413 449 3470; x_wconf 87' lang='lat' dir='ltr'><strong>Pan</strong></span> <span class='ocrx_word' id='word_1_256' title='bbox 466 3425 543 3474; x_wconf 85' lang='lat' dir='ltr'><strong>curat</strong></span> <span class='ocrx_word' id='word_1_257' title='bbox 566 3417 623 3474; x_wconf 90' lang='lat' dir='ltr'><strong>ovis</strong></span> <span class='ocrx_word' id='word_1_258' title='bbox 644 3419 787 3494; x_wconf 89' lang='lat' dir='ltr'><strong>oviumque</strong></span> <span class='ocrx_word' id='word_1_259' title='bbox 805 3421 961 3494; x_wconf 87' lang='lat' dir='ltr'><strong>magistros.</strong></span> 
     </span>
     <span class='ocr_line' id='line_1_37' title="bbox 244 3491 1132 3580; baseline 0.024 -33"><span class='ocrx_word' id='word_1_260' title='bbox 244 3491 312 3549; x_wconf 82' lang='lat' dir='ltr'><strong>dixit</strong></span> <span class='ocrx_word' id='word_1_261' title='bbox 332 3495 489 3563; x_wconf 84' lang='lat' dir='ltr'><strong>Damoetas,</strong></span> <span class='ocrx_word' id='word_1_262' title='bbox 511 3501 606 3558; x_wconf 83' lang='lat' dir='ltr'><strong>invidit</strong></span> <span class='ocrx_word' id='word_1_263' title='bbox 626 3504 726 3562; x_wconf 88' lang='lat' dir='ltr'><strong>stultus</strong></span> <span class='ocrx_word' id='word_1_264' title='bbox 748 3504 886 3580; x_wconf 78' lang='lat' dir='ltr'><strong>Amyntas.</strong></span> <span class='ocrx_word' id='word_1_265' title='bbox 1096 3513 1132 3568; x_wconf 75' lang='lat'><strong>39</strong></span> 
     </span>
    </p>
   </div>
   <div class='ocr_carea' id='block_1_5' title="bbox 0 0 1261 4096">
    <p class='ocr_par' dir='ltr' id='par_1_5' title="bbox 0 0 1261 4096">
     <span class='ocr_line' id='line_1_38' title="bbox 0 0 1261 4096; baseline 0 0"><span class='ocrx_word' id='word_1_266' title='bbox 0 0 1261 4096; x_wconf 95' lang='lat' dir='ltr'><strong> </strong></span> 
     </span>
    </p>
   </div>
  </div>
 </body>
</html>
