2512 4096
464 269 608 318 vultuum
628 267 753 316 AENEIS
767 269 790 314 X

127 433 266 509 quattuor
285 424 334 485 hic
355 426 482 494 iuvenes,
506 424 635 494 totidem,
660 441 732 502 quos
754 424 860 485 educat
882 422 982 490 Ufens,

126 510 248 572 viventis
266 511 351 589 rapit,
373 509 493 571 inferias
515 526 589 588 quos
606 507 738 568 immolet
758 506 872 568 umbris

127 595 300 674 captivoque
321 594 387 671 rogi
406 591 565 673 perfundat
586 593 728 669 sanguine
748 591 890 651 dammas.
1087 594 1138 646 tto

126 679 195 739 inde
214 678 299 756 hlago
320 675 425 757 procul
445 677 591 737 infensam
610 675 801 736 contenderat
822 674 945 735 hastam.

126 761 176 823 ille
195 769 260 822 astu
281 760 359 821 subit
379 778 414 821 ac
434 759 622 821 tremIbunda
643 758 811 838 supervolat
832 759 924 829 hasta,

126 853 155 907 et
175 861 271 921 genua
291 842 472 923 amplectens
493 844 596 905 effatur
615 841 683 903 talia
705 841 843 923 supplex:

125 938 195 1007 ‘per
214 928 325 1008 patrios
346 929 441 989 mauis
463 935 492 989 et
512 944 581 1006 spes
602 928 749 1003 surgentis
770 926 824 987 luli

125 1020 155 1074 te
176 1030 292 1090 precor,
313 1011 390 1073 hauc
410 1012 537 1072 animam
556 1028 654 1072 serves
673 1017 820 1090 gnatoque
840 1009 984 1088 patrique.

127 1104 172 1157 est
194 1096 299 1156 domus
320 1094 386 1165 alta,
408 1097 504 1156 iacent
523 1096 641 1174 penitus
660 1093 775 1155 defossa
796 1094 903 1154 talenta

126 1177 229 1240 caelati
250 1179 372 1258 argenti,
396 1186 464 1240 suut
485 1181 550 1239 auri
571 1176 704 1258 pondera
724 1177 793 1238 faeti

124 1262 283 1341 infectique
304 1262 384 1322 mihi.
419 1279 479 1322 non
498 1263 547 1323 hic
568 1263 690 1323 victoria
713 1262 861 1322 Teucrum

125 1346 248 1408 vertitur
268 1353 319 1407 aut
339 1346 436 1407 anima
457 1363 517 1407 una
538 1346 618 1407 dabit
638 1346 806 1407 discrimina
826 1343 925 1405 tanta.'

125 1429 248 1491 dixerat.
280 1432 394 1490 deneas
415 1437 517 1490 contra
537 1431 585 1490 cui
606 1427 673 1490 talia
690 1429 801 1490 reddit:

125 1513 256 1590 ‘argenti
275 1520 363 1592 atque
385 1514 449 1575 auri
466 1531 613 1575 memoras
634 1530 710 1593 quae
729 1512 821 1574 multa
841 1512 959 1582 talenta,

124 1597 219 1676 gnatis
240 1615 330 1676 parce
348 1599 417 1659 tuis.
450 1596 521 1659 belli
542 1598 718 1660 commercia
738 1588 856 1659 Turnus

124 1679 240 1743 sustulit
261 1683 316 1742 ista
331 1682 415 1762 prior
435 1684 494 1743 iam
510 1689 574 1744 tum
596 1680 726 1744 Pallante
746 1689 911 1761 perempto.

123 1764 181 1826 hoe
197 1766 290 1844 patris
307 1765 452 1828 Anchisae
469 1784 581 1835 manes,
601 1765 659 1827 hoc
681 1767 769 1828 sentit
789 1764 889 1828 iulus!

123 1851 166 1911 sic
187 1850 263 1910 fatus
284 1849 396 1928 galeam
419 1850 500 1911 laeva
520 1858 601 1913 tenet
619 1858 706 1929 atque
726 1849 835 1910 reflexa

123 1935 238 1996 cervice
258 1935 353 1994 oranti
374 1934 478 2014 capulo
500 1941 587 1996 tenus
605 1933 733 2012 apphcat
751 1950 861 1994 ensem.

122 2033 179 2078 nec
197 2015 302 2094 procul
323 2017 528 2087 Haemonides,
550 2016 663 2078 Phoebi
681 2017 854 2094 Triviaeque
872 2015 1020 2086 sacerdos,

122 2097 215 2161 infula
235 2100 283 2160 cui
301 2117 386 2160 sacra
405 2100 562 2160 redimibat
582 2107 717 2177 tempora
737 2101 816 2169 vitta,

124 2189 201 2244 totus
224 2181 380 2244 conlucens
403 2192 482 2244 veste
499 2189 587 2263 atque
608 2182 771 2261 insignibus
794 2182 876 2244 albis.

124 2284 213 2346 quem
235 2282 411 2343 congressus
432 2267 491 2343 agit
512 2283 615 2344 campo
636 2264 809 2345 lapsumque
828 2275 999 2346 superstans

123 2348 254 2411 immolat
271 2351 441 2428 ingentique
465 2350 571 2411 umbra
594 2351 678 2427 tegit;
702 2368 784 2411 arma
805 2352 940 2414 Serestus

123 2433 200 2495 lecta
223 2433 317 2495 refert
337 2435 458 2504 umeris,
480 2433 542 2504 tibi,
566 2453 620 2496 rex
642 2433 777 2505 Gradive,
799 2426 961 2514 tropaeum.

124 2519 288 2578 instaurant
309 2518 386 2579 acies
408 2517 528 2580 Volcani
554 2521 647 2599 stirpe
669 2526 785 2580 creatus

124 2600 266 2662 Caeculus
287 2609 316 2663 et
337 2603 456 2664 veniens
473 2604 639 2665 Marsorum
660 2601 809 2664 montibus
831 2602 959 2665 Umbro:

123 2684 303 2747 Dardanides
321 2695 423 2747 contra
444 2688 523 2749 lurit.
555 2688 682 2748 Anxuris
703 2704 774 2749 ense
796 2687 945 2749 sinistram

122 2776 152 2831 et
173 2774 268 2829 toturn
290 2770 375 2849 clipei
396 2770 477 2833 ferro
499 2770 646 2834 deiecerat
667 2770 770 2833 orbem

123 2852 248 2932 (dixerat
267 2851 317 2914 ille
338 2852 446 2931 aliquid
466 2873 605 2933 magnum
626 2858 744 2934 vimque
763 2854 866 2916 adfore
887 2855 977 2917 verbo

123 2934 290 2996 crediderat
311 2935 452 3015 caeloque
471 2940 602 2999 animum
620 2937 746 2998 fortasse
764 2937 879 3000 ferebat

124 3018 318 3095 canitiemque
337 3017 394 3078 sibi
416 3027 445 3078 et
460 3017 564 3097 longos
584 3019 760 3098 promiserat
780 3023 900 3096 annos):

123 3099 282 3178 'l'arquitus
304 3101 437 3162 exultans
459 3110 561 3163 contra
583 3102 763 3181 fulgentibus
781 3105 879 3174 armis

123 3182 269 3244 silvicolae
293 3185 394 3246 Fauno
415 3186 532 3267 Dryope
555 3204 643 3266 quem
664 3185 792 3266 nympha
815 3197 938 3259 crearat,

124 3265 227 3328 obrius
247 3269 361 3330 ardenti
379 3288 444 3332 sese
465 3272 579 3349 optulit.
610 3270 659 3332 ille
681 3270 803 3331 reducta

123 3349 244 3411 loricam
266 3351 410 3431 clipeique
427 3355 531 3434 ingens
550 3372 625 3418 onus
646 3355 767 3434 impedit
787 3354 884 3426 hasta,

124 3443 186 3496 tum
208 3442 296 3513 caput
315 3438 424 3523 orantis
442 3440 619 3519 nequiquam
638 3447 668 3501 et
684 3439 774 3500 multa
795 3442 926 3519 parantis

123 3517 223 3578 dicere
246 3517 383 3581 deturbat
406 3527 502 3584 terrae
522 3531 721 3601 truncumque
742 3530 891 3601 tepentem
