2512 4096
177 257 239 320 264
514 264 657 312 venenu
671 264 796 312 annum
815 265 853 311 rx

177 422 302 484 excubat
324 428 499 499 exercetque
517 419 603 488 vices,
627 419 705 496 quod
725 420 830 499 cuique
851 419 994 480 tuendum
1018 429 1072 480 est.
1146 429 1194 483 lta
1241 409 1244 419 ’

219 505 305 565 Nisus
327 510 391 565 erat
410 510 514 582 partae
536 510 643 572 custos,
663 504 825 563 acerrimus
846 504 945 571 armis,

176 587 358 667 Hyrtacides,
379 588 517 648 comitem
537 588 652 648 Aeneae
674 604 761 664 quem
783 587 903 646 miserat
923 585 973 646 lda

177 672 307 732 venatrix
328 669 424 731 laculo
447 670 575 732 celerem
595 670 765 747 levibusque
784 671 909 746 sagittis;

176 756 198 816 it
218 756 297 814 iuxta
318 771 418 814 comes
437 753 589 833 Euryalus,
616 771 675 832 quo
695 751 848 833 pulchrior
867 752 941 813 alter

176 856 236 899 non
256 837 310 898 luit
329 836 498 898 Aeneadum
519 837 646 897 Troiana
667 853 764 914 neque
784 835 878 897 induit
898 854 988 904 arma,

176 939 229 983 cra
250 940 324 1001 puer
345 923 440 999 prima
461 922 579 999 signans
599 922 714 980 intonsa
735 922 860 981 iuventa.

176 1005 222 1066 lris
243 1023 325 1066 amur
347 1022 423 1066 unus
446 1012 518 1072 erat,
541 1005 710 1083 pariterque
730 1006 761 1062 in
784 1003 860 1064 bella
882 1002 1023 1063 ruebant:

176 1097 238 1150 turn
261 1107 378 1170 queque
400 1090 548 1148 communi
569 1095 685 1165 portam
706 1088 830 1148 statione
850 1086 997 1147 tenebant.

175 1172 262 1234 Nisus
284 1174 337 1233 ait:
360 1172 446 1232 ‘dine
462 1171 542 1232 hunc
563 1171 700 1231 ardorem
722 1170 868 1231 mentibus
885 1170 1005 1238 addunt,

175 1255 310 1335 Euryale,
335 1273 372 1316 an
393 1273 446 1316 sua
466 1256 572 1334 cuique
595 1255 666 1315 deus
693 1256 724 1313 lit
746 1254 808 1314 dira
830 1254 957 1331 cupido?

175 1346 225 1399 aut
246 1341 444 1417 pugnam'aut
461 1337 569 1417 aliquid
591 1339 750 1399 iandudum
770 1338 908 1398 invadere
929 1354 1073 1413 magnum

175 1438 259 1482 mens
280 1425 369 1501 agitat
389 1423 462 1484 milri
484 1440 539 1484 nec
559 1422 673 1500 placida
695 1426 829 1483 contenta
850 1422 982 1499 quietcst.

176 1507 280 1573 aarum
301 1523 377 1585 quae
399 1505 524 1567 Rutulos
544 1506 651 1566 habeat
671 1506 776 1566 fiducia
797 1523 906 1566 rerum.

175 1588 284 1649 lumina
305 1607 374 1651 rara
395 1592 520 1656 micant;
544 1608 646 1649 somno
668 1591 794 1668 vinoque
816 1587 903 1649 soluti

175 1672 379 1751 procubuere;
402 1670 489 1732 silent
509 1671 565 1732 late
585 1673 664 1732 loca:
686 1673 806 1749 percipe
827 1689 928 1750 porro,

176 1756 246 1835 quid
268 1754 400 1817 dubitem
424 1765 453 1816 et
472 1772 547 1831 quae
563 1772 643 1816 nunc
658 1756 756 1816 animo
778 1757 921 1815 sententia
943 1768 1055 1835 surgat.

175 1841 292 1901 Aenean
315 1841 403 1900 acciri
425 1856 537 1908 omnes,
556 1836 742 1919 populusque
760 1845 926 1917 patresque,

175 1932 337 2003 exposcunt
357 1923 490 2004 mittique
511 1923 598 1993 viros,
621 1923 672 2001 qni
693 1928 774 1983 certa
794 1930 956 2000 reportent.

174 2010 200 2068 si
219 2006 272 2069 tibi
293 2024 369 2086 quae
387 2025 477 2085 posco
494 2007 669 2087 promittunt
690 2005 767 2086 (nam
788 2005 861 2067 mihi
882 2005 950 2066 iacti

174 2091 250 2152 lama
271 2098 316 2152 sat
337 2093 399 2172 est),
419 2091 533 2153 tumulo
554 2091 656 2152 videor
677 2092 811 2170 reperire
831 2089 885 2150 sub
907 2088 956 2150 illo

173 2192 261 2252 pesse
281 2177 358 2236 viam
379 2176 416 2236 ad
438 2194 539 2238 mures
562 2184 590 2237 et
608 2177 724 2236 moenia
744 2172 910 2235 Pallantea.¹

175 2260 313 2337 opstipuit
333 2277 439 2337 magno
459 2258 580 2320 laudum
600 2277 759 2338 percussus
781 2276 882 2319 amore

174 2340 440 2420 lluryalus;‚simul
462 2343 508 2403 his
530 2343 681 2405 ardentem
704 2344 819 2403 adlatur
839 2342 980 2402 amicum:

175 2434 276 2487 ‘mene
297 2429 386 2504 igitur
407 2426 520 2488 socium
539 2427 660 2488 summis
681 2427 841 2504 adiungere
861 2424 960 2494 rebus,

174 2507 251 2579 Nise,
270 2510 366 2588 lugiel
387 2510 481 2571 solum
503 2520 532 2570 te
554 2513 686 2570 intanta
707 2508 838 2586 pericula
860 2509 992 2568 mittam?

162 2609 233 2683 nen
254 2594 293 2652 ita
312 2610 359 2653 ma
381 2595 506 2671 genitor,
530 2593 615 2654 bellis
637 2593 774 2653 adsuetus
797 2591 943 2668 Opheltes,

162 2646 343 2750 Argolicum
364 2681 510 2736 terrorem
528 2678 605 2736 inter
619 2676 782 2753 Troiaeque
801 2675 918 2735 labores

173 2757 319 2818 sublatum
341 2757 454 2828 erudiit,
478 2777 533 2820 nec
556 2766 653 2820 tecum
675 2757 742 2819 talia
759 2758 845 2834 gessi,

174 2841 390 2917 magnanimum
410 2844 529 2903 Aenean
551 2848 581 2903 et
599 2842 657 2903 lata
678 2848 808 2903 extrema
830 2850 962 2903 secutus:

173 2932 217 2985 est
238 2923 294 2994 hic,
317 2932 361 2985 est
381 2927 495 2987 antmus
517 2926 591 2987 lucis
613 2932 798 3005 contemptor
819 2933 848 2987 ct
864 2927 951 2987 istum

173 3008 222 3086 qui
243 3009 299 3069 vita
322 3008 397 3070 bene
419 3010 520 3072 credat
540 3013 606 3081 emi,
629 3030 687 3091 qua
708 3011 812 3082 tendis,
835 3009 997 3070 honorem.'

172 3091 258 3151 Nisus
277 3093 313 3152 ad
334 3093 422 3155 haec:
445 3097 595 3174 ‘equidem
617 3096 654 3158 de
675 3102 704 3157 te
724 3093 766 3154 nil
787 3093 844 3155 tale
865 3093 988 3154 verebar

172 3192 228 3235 nec
247 3174 301 3246 las,
320 3192 389 3246 non,
408 3179 447 3238 ita
467 3198 515 3240 me
535 3179 644 3241 reserat
664 3178 716 3238 tibi
736 3194 860 3255 magnus
883 3184 1016 3237 ovantem

171 3257 303 3336 luppiter
320 3268 370 3320 aut
391 3263 568 3340 quicumque
591 3262 683 3323 oculis
704 3261 777 3321 haec
798 3260 900 3336 aspicit
917 3261 1026 3339 aequis.

170 3339 222 3400 sed
242 3342 341 3440 siquis,
366 3361 441 3420 quae
463 3345 553 3406 multa
571 3346 650 3406 vides
669 3345 836 3405 discrimine
857 3343 915 3413 tali,
1136 3352 1187 3405 tte

170 3423 290 3502 siqads
282 3442 312 3485 m
334 3424 490 3488 adversum
511 3430 606 3507 rapiat
629 3445 747 3489 casusve
769 3427 886 3497 deusve,

170 3513 374 3588 temperasse
395 3510 496 3582 velim;
518 3518 568 3573 tua
589 3514 645 3574 vita
667 3512 782 3588 dignior
802 3519 890 3572 aetas.
