2512 4096
322 214 325 217 ¹
440 256 582 305 venenu
603 256 726 304 enunrs
742 255 793 302 xrr
1063 244 1124 304 345

123 424 169 473 'ers
192 411 287 471 luerat
306 426 476 490 pauperque
499 410 602 471 demus
623 426 677 470 nec
698 415 767 469 neta
787 416 938 486 potentum

121 511 244 556 munera
264 493 463 570 conductaque
485 500 568 570 pater
588 491 693 554 tellure
713 490 839 553 serebat.
1074 498 1126 552 ceo

122 596 156 639 ae
175 575 253 637 velut
270 577 382 637 inmissi
401 577 520 637 diversis
538 575 670 655 partibus
690 577 771 653 ignes

121 668 253 722 arentem
274 661 304 719 in
324 659 424 742 siluam
447 669 475 720 et
494 658 616 736 virgulta
638 660 769 719 sonantia
788 657 881 730 lauro,

124 752 175 805 aut
194 742 245 804 ubi
262 743 389 804 decursu
408 743 510 820 rapido
531 743 567 802 de
587 741 734 802 montibus
756 741 819 800 altis

122 826 192 886 dant
208 826 334 885 sonitum
355 826 485 903 spumosi
507 842 608 885 amnes
629 832 657 884 et
677 826 707 884 in
727 840 854 902 aequora
876 832 999 884 currunt

122 911 246 988 quisque
268 926 354 969 suum
375 906 529 986 populatus
548 909 619 968 iter:
642 924 702 966 non
723 907 841 984 segnius
862 905 948 966 ambo

125 994 234 1059 deneas
253 991 428 1070 Turnusque
448 999 537 1051 ruent
556 1007 610 1067 per
629 989 756 1068 proelia;
779 1007 857 1050 nuno
878 1006 957 1050 nunc

123 1074 244 1135 fluctuat
262 1075 306 1134 ira
327 1075 413 1143 intus,
432 1081 610 1152 rumpuntur
631 1074 729 1134 nescia
751 1074 827 1133 vinci

122 1165 249 1236 pectora,
273 1174 352 1216 nune
373 1158 441 1216 totis
461 1158 491 1216 in
512 1156 630 1217 volnera
651 1156 761 1217 viribus
780 1157 847 1216 itur.

121 1241 293 1301 Murranum
316 1239 372 1309 hic,
391 1245 489 1298 atavos
509 1247 538 1299 et
560 1257 680 1299 avorum
702 1241 819 1316 antiqua
838 1247 990 1298 sonantem

122 1323 240 1383 nomina
258 1340 312 1402 per
332 1337 476 1399 regesque
495 1330 592 1382 actum
612 1338 704 1398 genus
726 1339 812 1382 omne
832 1320 958 1390 Latinos,

122 1406 310 1484 praecipitem
332 1403 451 1481 scopulo
473 1411 560 1482 atque
581 1407 708 1482 ingentis
730 1403 845 1464 turbine
870 1405 932 1464 saxi

123 1489 231 1549 excutit
251 1489 428 1566 effunditque
450 1486 526 1548 solo:
545 1486 626 1548 hunc
643 1486 705 1548 lora
726 1494 754 1548 et
775 1488 841 1565 iuga
862 1486 964 1547 subter

123 1569 293 1648 provolvere
316 1579 407 1637 rotae,
430 1569 536 1630 crebro
559 1588 649 1647 super
666 1570 774 1647 ungula
794 1568 881 1648 pulsu

123 1655 210 1715 incita
232 1671 286 1715 nec
308 1653 418 1714 domini
437 1671 600 1714 memorum
622 1652 772 1730 proculcat
790 1670 942 1731 equorum.

112 1736 171 1798 ille
190 1738 285 1798 ruenti
305 1735 387 1816 llplie
409 1737 572 1814 animisque
591 1738 718 1798 immane
743 1736 879 1798 frementi

122 1821 252 1883 occurrit
271 1819 418 1899 telumque
439 1829 539 1880 aurate
560 1820 597 1881 ad
618 1827 751 1898 tempora
773 1826 905 1898 torquet:

123 1902 171 1964 olli
191 1921 245 1982 per
264 1902 375 1982 galeam
393 1904 451 1963 lixo
473 1905 553 1964 stetit
569 1903 651 1963 hasta
673 1901 806 1964 cerebro.

123 1987 241 2047 dextera
262 1994 385 2047 nectua
408 1993 445 2058 te,
466 1986 587 2046 Graium
606 1985 766 2046 fortissime
784 1984 919 2052 Cretheu,

123 2070 229 2147 eripuit
249 2068 359 2128 Turno.
396 2085 458 2129 nec
472 2069 502 2127 di
523 2076 622 2128 terere
644 2068 812 2145 Cupencum

123 2152 221 2212 Aenea
240 2152 373 2211 veniente
393 2151 453 2210 sui:
477 2150 556 2210 dedit
577 2149 659 2209 obvia
680 2150 758 2210 ferro

123 2240 252 2314 pectora,
276 2251 331 2294 nec
352 2234 460 2293 misero
483 2233 569 2310 clipei
590 2250 681 2306 more·
694 2233 803 2311 proluit
823 2234 909 2294 aerei.

123 2325 152 2378 te
173 2333 289 2396 proque
310 2316 472 2376 Laurentes
493 2316 636 2384 viderunt,
657 2315 754 2386 leole,
777 2317 872 2394 campi

124 2407 263 2479 oppetere
285 2388 314 2461 e't
333 2398 390 2460 late
411 2406 522 2460 terram
541 2405 729 2459 consternere
751 2407 844 2477 tergo.

124 2483 241 2553 occidis,
262 2483 385 2559 Argivae
404 2500 490 2560 quem
510 2499 569 2542 nen
588 2490 711 2558 potuere
730 2481 888 2559 phalanges

124 2573 256 2627 sternere
278 2583 333 2626 uec
354 2565 463 2626 Priami
481 2581 641 2642 regnorum
664 2582 782 2626 eversor
802 2564 943 2633 Achillem

124 2649 171 2709 hic
196 2648 247 2709 tibi
268 2651 370 2710 mortis
392 2656 475 2710 erant
498 2655 609 2709 metae:
632 2648 735 2709 domus
754 2648 810 2709 alta
830 2649 884 2707 sub
902 2648 961 2717 Ida,

123 2732 244 2812 Lyrnesi
262 2732 366 2792 domus
387 2733 452 2802 elta,
475 2730 537 2791 solo
559 2732 704 2793 Laurente
721 2730 919 2809 sepulchrum.

122 2823 200 2877 totae
221 2816 292 2876 adeo
315 2833 472 2876 conversae
493 2816 579 2884 acies,
602 2832 762 2893 omnesque
783 2815 886 2885 Latini,

123 2915 224 2958 ornnes
247 2897 437 2965 Dardanidae,
456 2897 623 2957 Mnestheus
644 2915 772 2974 acerque
791 2897 925 2957 Serestus

125 2990 154 3040 et
174 2980 323 3058 Messapus
342 2998 426 3039 ecum
447 2979 573 3038 domitor
597 2990 626 3038 et
646 2980 729 3038 tortis
749 2979 842 3039 Asilas

124 3063 348 3140 Tuscorumque
368 3060 498 3142 phalanx¹
516 3059 705 3137 Euandrique
726 3063 852 3122 Arcades
872 3060 942 3130 alae,

125 3162 180 3224 pro
201 3165 233 3206 se
256 3147 379 3224 quisque
396 3145 449 3203 viri
471 3160 584 3203 summa
606 3144 737 3203 nituntur
759 3162 848 3222 opum
869 3145 912 3203 ui:

124 3245 180 3289 nec
200 3246 283 3288 mora
305 3245 360 3288 nec
384 3228 508 3304 requies,
530 3235 611 3286 vasto
631 3227 788 3288 certamine
810 3226 942 3288 tendunt.

168 3313 220 3372 llic
241 3318 369 3372 mentem
386 3312 500 3370 Aeneae
521 3311 653 3388 genetrix
672 3308 869 3388 pulcherrima
889 3310 973 3380 misit,

126 3397 180 3456 iret
201 3401 233 3456 ut
252 3396 288 3455 ad
310 3411 410 3453 muros
430 3393 556 3471 urbique
577 3394 742 3454 adverteret
762 3409 866 3470 agmen

127 3477 206 3540 ocius
226 3486 255 3538 et
276 3477 371 3538 subita
392 3476 524 3537 turbaret
543 3475 624 3537 clade
644 3475 771 3536 Latinos.
