2512 4096
196 246 257 311 818
530 210 868 309 vnecrmsuumsm

197 432 254 478 nec
274 415 403 477 Drances
424 415 529 494 potius,
550 415 611 474 sive
632 421 676 474 est
695 413 768 474 haec
787 415 832 474 ira
852 414 987 494 deorum,

196 508 290 560 morte
312 497 382 567 luat,
405 499 465 559 sive
487 504 531 558 est
551 498 643 558 virtus
665 504 693 557 et
715 495 816 574 gioria,
837 496 938 558 tollat!

237 581 281 643 illi
298 581 372 643 haec
392 583 469 643 inter
490 599 522 641 se
545 580 640 642 dubiis
663 581 699 642 de
719 578 810 641 rebus
831 581 956 659 agebant
1166 591 1211 644 444

196 674 357 734 444444444ς
378 672 474 726 eastra
494 665 607 725 deneas
629 664 782 741 aciemque
801 664 951 725 movebat:

194 751 315 811 nuntius
336 750 446 828 ingenti
463 765 518 827 per
537 748 619 826 regia
639 754 716 809 tecta
736 747 863 809 tumultu

196 852 265 895 ecce
285 832 346 893 ruit
365 832 538 911 magnisque
558 830 664 892 urbem
685 829 852 892 terroribus
872 831 982 911 impiet.

194 919 352 978 instructos
369 917 432 976 acie
451 914 591 976 'liberino
612 933 629 975 a
647 915 767 976 iiuminc
788 914 921 976 Teucros

194 999 436 1080 Tyrrhenamque
456 1015 577 1059 manum
593 999 661 1058 totis
683 998 862 1061 descendere
884 1002 1007 1080 campis.
1167 1009 1212 1060 444

195 1082 341 1162 extemplo
361 1081 470 1143 turbati
491 1082 580 1142 animi
601 1098 803 1159 concussaque
822 1081 899 1159 volgi

194 1174 314 1246 pectora
337 1174 366 1227 44
387 1173 518 1226 arrectae
540 1163 664 1227 stimulis
685 1164 764 1226 haud
786 1165 923 1226 mollibus
944 1168 1017 1228 irse.

195 1269 277 1312 arma
298 1267 388 1312 manu
408 1249 514 1328 trepidi
535 1256 670 1326 poscunt,
691 1249 791 1310 fremit
811 1267 893 1309 arma
914 1251 1063 1320 iuventus,

194 1334 265 1396 11444
284 1334 387 1395 maesti
409 1339 600 1411 mussantque
622 1342 730 1411 patres.
763 1332 812 1392 hic
831 1333 960 1411 undiquc
980 1331 1098 1396 clamor

194 1418 328 1478 dissensu
346 1418 428 1477 vario
449 1433 574 1495 magnus
595 1434 627 1478 se
647 1415 723 1476 tollit
744 1418 775 1476 in
798 1434 883 1476 auras
1165 1427 1211 1478 tot

194 1501 265 1562 haut
285 1517 370 1562 secus
392 1507 480 1578 atque
501 1500 560 1560 alto
582 1501 612 1560 in
633 1499 699 1560 luco
720 1518 787 1561 cum
808 1500 884 1561 forte
906 1509 1045 1562 catervae

79 1659 83 1666 ἱ
194 1584 357 1646 consedere
377 1584 472 1644 avium
495 1585 647 1661 piscosove
667 1601 754 1645 amne
775 1583 907 1646 Padusae

194 1668 264 1729 dant
285 1667 414 1728 sonitum
434 1668 517 1728 rauci
538 1684 592 1744 per
614 1675 715 1744 stagna
737 1666 868 1745 loquacia
892 1668 985 1747 cycni.

195 1751 316 1813 ‘immo'
336 1751 376 1811 ait
397 1757 433 1809 ‘o
455 1749 549 1810 circs'
573 1759 692 1830 arrepto
713 1758 847 1828 tempore
869 1752 997 1821 Turnus,

195 1836 306 1913 ‘cogite
328 1832 485 1895 concilium
505 1842 535 1894 et
556 1851 660 1912 pacem
677 1833 793 1895 laudate
815 1835 965 1896 sedentes:
1162 1844 1207 1895 444

194 1917 234 1979 illl
256 1921 344 1980 armis
366 1918 396 1979 in
417 1933 508 1995 regna
528 1922 637 1980 ruunt!
667 1936 724 1979 nec
745 1916 829 1997 piura
849 1920 964 1980 1444444
1248 1920 1250 1925 ’

195 2003 338 2082 corripuit
358 2018 424 2063 sese
445 2010 474 2062 44
495 2002 579 2064 tectis
601 2004 676 2064 citus
700 2002 802 2064 extulit
822 2003 895 2064 aitis.
1246 2046 1250 2113 Ι

195 2093 252 2156 ‘tu
273 2085 388 2155 Voluse,
413 2087 521 2147 armari
540 2084 713 2148 Volscorum
735 2087 816 2148 edice
837 2084 992 2164 maniplos,

194 2171 265 2231 duc'
287 2171 328 2230 ait
349 2177 393 2231 ‘et
412 2168 545 2232 11444144.
579 2172 707 2250 equitem
725 2170 874 2249 Messapus
896 2172 925 2230 in
948 2170 1039 2228 mauis

194 2262 223 2313 et
245 2253 423 2314 cumfratre
444 2252 534 2314 Coras
554 2254 620 2315 latis
642 2255 794 2316 diffundite
815 2256 932 2332 campis.
1162 2260 1207 2311 444

193 2354 262 2414 pars
280 2335 376 2398 aditus
397 2336 479 2398 urbis
497 2338 595 2399 firmet
611 2340 760 2417 turrisque
782 2345 922 2416 capessat,

194 2428 300 2491 cetera,
323 2439 381 2500 qua
401 2421 490 2492 iusso,
509 2439 625 2483 mecum
645 2438 748 2482 manue
768 2422 874 2483 inierat
896 2421 998 2482 arma'

193 2503 273 2565 ilicet
294 2504 325 2565 in
344 2522 448 2566 muros
464 2511 524 2566 tota
545 2505 720 2566 discurritur
737 2505 822 2567 urbe.

191 2588 364 2650 *consilinm
377 2591 443 2669 ipse
457 2596 542 2666 pater
559 2594 589 2650 et
612 2606 717 2666 magna
740 2590 855 2666 incepta
876 2588 997 2649 Latinus

194 2673 303 2732 deserit
324 2689 358 2732 ac
379 2673 454 2732 tristi
472 2670 607 2732 turbatus
627 2679 761 2750 tempore
783 2672 879 2732 diiiert
1157 2678 1205 2729 444

194 2754 343 2831 multaque
364 2772 396 2815 44
417 2756 539 2824 incusat,
560 2756 611 2832 qui
633 2772 692 2814 non
713 2756 846 2817 asciverit
864 2753 942 2817 ultro

192 2837 372 2899 Iiardanium
392 2839 510 2900 444444
528 2854 730 2916 generumque
750 2840 898 2918 acceperit
918 2833 1014 2901 urbi*

193 2921 380 3000 praefodiunt
401 2920 451 2982 alli
470 2930 571 3002 portas
589 2931 639 2984 aut
660 2940 728 2984 saxa
751 2922 897 3002 sudesque

193 3005 372 3066 subvectant.
405 3005 483 3068 bello
506 3006 555 3067 dat
577 3007 694 3085 signum
714 3024 803 3068 rauca
826 3014 978 3068 cruentum

193 3088 309 3150 bucina.
341 3098 402 3150 tum
422 3107 523 3152 muros
543 3091 622 3162 varia
644 3092 763 3152 cinxere
786 3108 896 3152 corona
1157 3094 1203 3148 444

193 3179 344 3233 matronae
363 3176 523 3253 puerique:
545 3181 630 3235 vocat
650 3173 734 3235 iabor
754 3173 873 3236 41414444
892 3175 996 3234 omnis.

193 3272 326 3316 necnon
348 3256 385 3316 ad
408 3257 550 3338 templum
570 3275 758 3336 summasque
781 3257 818 3318 ad
839 3256 964 3318 Paiiadis
985 3273 1069 3318 arces

194 3337 365 3400 subvehitur
386 3358 493 3419 magna
514 3348 641 3403 matrum
661 3342 762 3419 regina
785 3349 899 3401 caterva

194 3421 269 3483 dona
289 3423 397 3494 ierens,
420 3427 557 3504 iuxtaque
576 3441 674 3485 comes
696 3424 813 3486 Lavinia
832 3426 923 3503 virgo,

195 3523 280 3566 causa
299 3506 367 3568 mali
388 3509 469 3577 tanti,
491 3504 592 3568 444144
615 3506 725 3568 deiecta
747 3508 879 3573 decoros.
