2512 4096
293 897 334 971 r.
359 895 574 972 vnnenr
600 893 829 971 nunonis

221 1065 265 1160 A
316 1069 357 1162 E
409 1068 455 1164 N
507 1069 548 1162 E
599 1067 625 1162 Ι
675 1067 722 1165 Ι)
777 1067 820 1162 0
874 1065 905 1162 S

395 1236 511 1295 LIBER
538 1237 739 1294 SEPTIMVS

493 1435 624 1444 ——--.-

62 1565 108 1627 Tu
130 1583 248 1645 quoque
266 1563 400 1626 litoribus
421 1567 538 1635 nostris,
560 1566 666 1626 Aeneia
687 1567 793 1637 nutrix,

63 1657 213 1712 aeternam
234 1650 362 1710 moriens
385 1649 502 1719 lamam,
519 1647 624 1719 Caieta,
646 1649 765 1719 dedisii3

64 1741 92 1796 et
112 1750 190 1794 nuno
211 1740 307 1793 serrat
328 1732 424 1793 honos
443 1732 543 1794 sedem
562 1741 631 1795 tuus
652 1752 776 1814 ossaque
797 1751 904 1794 nomen

64 1816 203 1895 Hesperie
225 1817 254 1876 in
275 1833 390 1894 magna,
411 1817 493 1893 siqua
516 1824 559 1878 est
580 1835 613 1877 ea
635 1815 736 1895 gloria,
759 1818 862 1892 signat.

64 1910 92 1959 at
113 1900 177 1976 pius
199 1901 327 1977 exequiis
348 1900 460 1959 Aeneas
479 1900 533 1958 rite
551 1898 661 1970 solutis,
931 1962 932 1965 Ἴ

65 1999 171 2060 aggere
193 1984 354 2059 composito
371 1981 484 2050 tumuli,
507 1989 661 2058 postquam
684 1982 741 2042 alta
765 1983 903 2058 quierunt

66 2081 201 2142 aequora,
225 2064 318 2124 tendit
338 2066 394 2123 iter
416 2061 486 2122 velis
507 2072 683 2141 portumque
704 2063 851 2141 relinquit.

67 2147 218 2226 adspirant
238 2162 327 2206 aurae
345 2148 376 2205 in
397 2151 515 2205 noctem
536 2162 592 2206 nee
611 2146 733 2206 candida
755 2163 857 2206 cursus

65 2231 146 2292 Luna
169 2235 264 2306 negat,
285 2227 417 2306 splendet
437 2227 562 2289 aemulo
581 2228 635 2288 sub
658 2228 766 2289 iumine
787 2236 904 2307 pontus.

66 2315 199 2394 proxima
221 2312 358 2374 Circaeae
376 2311 520 2372 raduntur
537 2311 622 2373 litora
643 2319 749 2383 terrae,

66 2398 144 2458 dines
166 2399 329 2458 inaccessos
350 2395 400 2456 ubi
423 2394 497 2456 Solis
518 2395 576 2457 iilia
596 2394 679 2457 lucos

65 2481 186 2542 adsiduo
205 2487 322 2541 resonat
343 2487 428 2540 cantu
450 2480 590 2560 tectisque
608 2478 744 2559 superbis

68 2566 126 2637 urit
144 2564 296 2626 odoratam
317 2572 461 2624 nocturna
482 2565 512 2623 in
532 2563 643 2624 lumina
667 2563 795 2631 cedrum,

67 2655 169 2725 argento
188 2648 284 2710 tenuis
304 2664 481 2727 percurrens
500 2649 617 2727 pectine
638 2645 720 2709 telas.

67 2732 135 2792 hinc
157 2731 287 2793 exaudiri
305 2731 430 2808 gemitus
449 2733 570 2810 iraeque
591 2730 711 2792 leonum

68 2814 161 2874 vincla
181 2820 370 2875 recusantum
393 2822 421 2874 et
441 2831 507 2874 sera
528 2814 582 2874 sub
602 2821 689 2875 noete
708 2813 876 2880 rudentum,

67 2898 262 2975 saetigerique
283 2912 351 2955 sues
371 2902 459 2972 atque
478 2897 508 2954 in
530 2895 721 2974 praesepibus
741 2895 803 2954 ursi

67 2980 178 3039 saevire
200 2996 235 3038 ac
255 2979 369 3040 iormae
390 2995 565 3055 magnorum
585 2977 699 3039 ululare
721 2977 867 3055 luporum,

70 3079 142 3140 quos
164 3062 317 3123 hominum
338 3080 374 3123 ex
392 3061 466 3122 facie
486 3061 542 3123 dea
563 3077 647 3122 saeva
668 3058 835 3139 potentibus
856 3057 956 3119 herbis

67 3145 202 3207 induerat
224 3145 356 3207 Circeia
378 3145 471 3206 voltus
494 3163 528 3206 ao
546 3152 627 3222 terga
650 3145 789 3206 ferarum.

69 3245 143 3306 quae
159 3247 197 3289 ne
216 3236 346 3290 monstra
364 3230 404 3307 pii
425 3237 595 3308 paterentur
614 3228 682 3290 talia
702 3226 794 3288 Troes

68 3311 156 3373 delati
172 3312 201 3371 in
222 3319 324 3391 portus
345 3330 403 3373 neu
423 3313 509 3374 litora
531 3315 593 3375 dira
615 3313 758 3380 subirent,

68 3395 219 3475 Neptunus
242 3397 333 3456 ventis
351 3394 469 3474 inplevit
489 3396 552 3460 vela
574 3396 708 3458 secundis

68 3486 155 3558 atque
178 3479 276 3558 lugam
299 3478 379 3540 dedit
400 3487 428 3540 et
448 3489 566 3556 praeter
585 3481 657 3541 vada
679 3477 789 3541 fervida
811 3481 897 3540 veuit.

1041 3151 1073 3197 20
