2512 4096
115 271 174 329 100
448 276 590 324 VERGILI
612 276 737 324 Annum
760 276 771 320 l

154 433 309 512 Postquam
326 431 501 509 introgressi
524 438 553 491 et
574 447 674 491 eoram
696 430 762 490 data
784 429 867 506 eopia
889 427 983 495 fandi,
1072 438 1122 493 sao

106 519 256 578 >mannus
274 515 401 576 Ilioneus
420 514 535 593 placido
554 515 596 575 sic
615 522 736 592 pectore
757 512 867 590 coepit:

113 612 146 661 ‘o
165 601 280 676 regina,
300 616 405 660 novam
423 598 470 661 cui
491 598 620 659 condere
639 597 770 675 luppiter
787 594 893 655 urbem

112 686 278 762 iustitiaque
300 682 379 743 dedit
396 683 490 760 gentis
511 681 628 760 11111111
651 679 806 758 superbas,

112 768 205 828 Troes
226 776 255 827 11
274 767 389 835 miseri,
409 765 502 826 ventis
523 767 616 825 maria
638 763 734 822 omnia
757 764 847 828 vecti,

112 869 246 911 oramus:
267 850 391 928 prohibe
413 849 547 909 infandos
569 867 586 908 a
606 847 729 908 navibus
746 849 835 922 ignis,
1072 856 1120 909 oio

110 953 201 1014 parce
220 935 268 1010 pio
291 935 406 1010 generi,
426 940 454 992 et
473 933 595 1012 propius
613 948 663 992 res
677 931 775 1010 aspice
795 939 917 988 nostras.

113 1035 174 1079 non
196 1035 250 1077 nos
272 1026 322 1076 aut
344 1016 423 1076 ierro
445 1015 568 1094 Libycos
590 1014 731 1095 populare
750 1014 863 1092 penatis

111 1103 243 1163 venimus
265 1107 316 1161 aut
333 1107 432 1178 raptas
456 1099 493 1160 ad
512 1098 597 1160 litora
617 1105 733 1160 1111111
752 1096 891 1176 praedas3

111 1202 171 1245 non
193 1203 228 1244 ea
249 1186 290 1243 vis
310 1185 408 1244 animo
428 1200 485 1244 nec
505 1189 585 1242 tanta
608 1180 746 1260 superbia
765 1181 853 1242 victis.

87 1275 157 1328 *esi
177 1267 276 1337 locus,
299 1267 470 1345 Hesperiam
490 1267 559 1329 Grai
579 1266 752 1345 cognomine
774 1265 887 1331 dieunt,
1073 1275 1123 1328 530

111 1361 190 1412 terra
213 1353 345 1428 antiqua,
365 1358 470 1428 potens
490 1352 580 1412 armis
601 1356 688 1428 atque
708 1348 801 1409 ubere
823 1345 988 1423 glaebam.

113 1433 233 1496 Oenotri
251 1433 369 1494 coluere
382 1436 452 1503 viri;
473 1451 553 1495 nuno
574 1432 651 1494 lama
672 1434 801 1492 minores

113 1516 226 1578 ltaliam
246 1518 351 1578 dixisse
373 1518 455 1578 ducis
478 1517 515 1578 de
536 1519 654 1587 nomine
675 1524 810 1594 gentem:

111 1601 161 1662 liic
181 1618 287 1662 cursus
307 1601 377 1670 fuit,

113 1702 181 1746 cum
203 1683 301 1746 subito
322 1683 484 1760 adsurgens
504 1683 595 1744 lluotu
616 1682 769 1742 nimbosus
788 1681 877 1742 Orion
1073 1689 1123 1744 535

110 1768 142 1828 in
163 1766 236 1829 rada
256 1785 343 1828 caeca
363 1766 444 1834 tulit,
467 1767 643 1844 penitusque
661 1765 836 1842 procacibus
858 1767 962 1824 austris

111 1867 225 1929 perque
242 1851 336 1912 undas
358 1860 515 1928 superante
533 1849 595 1909 salo
614 1865 727 1928 perque
746 1850 820 1909 invia
841 1865 909 1907 saxa

113 1933 249 2012 dispulit-z
268 1934 327 1994 huc
348 1935 435 2011 pauci
454 1935 558 1994 restris
575 1932 745 1993 adnavimus
767 1935 836 1992 oris.

112 2017 190 2096 quod
204 2035 297 2096 genus
308 2018 366 2078 hoo
380 2017 549 2078 hominum?
570 2035 680 2098 quaeve
698 2016 778 2076 huno
792 2024 850 2076 tam
867 2015 994 2076 barbara
1011 2033 1122 2074 morem

111 2101 252 2178 permittit
272 2101 386 2181 patriai
405 2101 530 2180 hospitio
552 2099 745 2179 prohibemur
765 2100 909 2166 harenae;
1074 2110 1123 2160 540

112 2183 189 2244 bella
211 2187 301 2255 cient,
324 2186 477 2264 primaque
498 2192 595 2246 vetant
613 2184 773 2245 consistere
790 2190 880 2243 terra.

111 2268 136 2325 si
158 2282 251 2342 genus
270 2268 434 2330 humanum
455 2277 484 2329 et
500 2268 632 2329 mortalia
652 2268 780 2328 temnitis
800 2284 895 2332 arma,

112 2356 141 2408 11
163 2358 280 2427 sperate
302 2352 373 2411 deos
393 2369 541 2412 memores
561 2351 641 2411 fandi
663 2361 749 2431 atque
771 2348 899 2411 nefandi.

111 2449 164 2492 rex
185 2442 248 2492 erat
266 2435 381 2493 Aeneas
401 2433 499 2501 nohis,
524 2453 582 2512 quo
603 2435 707 2495 iustior
728 2433 802 2493 aller

111 2533 167 2575 nec
185 2517 293 2593 pietate
315 2515 369 2575 suit
391 2533 446 2576 nec
462 2516 540 2576 bello
558 2516 652 2576 maior
675 2526 704 2575 11
723 2519 822 2575 armis.

111 2616 200 2677 quem
221 2600 245 2660 si
268 2599 327 2658 lata
348 2601 439 2657 virum
462 2606 592 2667 serrant,
615 2600 640 2658 si
661 2598 787 2658 rescitur
806 2617 877 2660 aura

111 2683 240 2743 aetheria
262 2699 359 2758 neque
380 2680 475 2741 adhuc
497 2679 666 2741 crudelibus
686 2681 811 2741 occubat
831 2684 958 2750 umbris,

111 2782 171 2824 non
192 2774 297 2826 metus
343 2765 439 2824 officio
461 2782 516 2825 neo
538 2774 567 2824 te
587 2772 714 2824 certasse
729 2765 858 2841 priorem

111 2849 271 2925 paeniteat:
301 2856 369 2909 sunt
390 2855 419 2907 11
440 2848 544 2908 Siculis
562 2847 732 2924 regionibus
749 2847 838 2909 urbes

111 2949 267 3009 armaque,
291 2931 478 3009 Troianoque
497 2951 512 2992 a
529 2933 670 3008 sanguine
693 2931 789 2992 clarus
809 2934 937 2994 Acestes.
1075 2943 1124 2994 5111

405 3035 424 3070 il·
598 3037 617 3072 ὕ
792 3039 811 3072 st

112 3108 276 3176 quassatam
299 3101 391 3159 ventis
411 3098 495 3159 liceat
513 3098 678 3160 subducere
700 3099 822 3160 classem

112 3188 141 3241 et
161 3180 239 3240 silvis
262 3191 361 3258 aptare
383 3183 481 3242 trabes
504 3193 532 3242 et
552 3183 697 3260 stringere
718 3199 831 3250 remos,

111 3265 136 3324 si
158 3265 244 3324 datur
266 3264 376 3325 ltaliam
396 3266 481 3325 sociis
498 3273 527 3325 et
548 3283 619 3342 rege
639 3275 760 3342 recepto

112 3348 250 3415 tendere,
271 3356 303 3406 ut
323 3347 434 3408 ltaliam
453 3346 522 3408 laeti
541 3347 714 3426 Latiumque
733 3356 880 3425 potamum

111 3432 156 3490 sin
178 3430 333 3509 absumpta
354 3429 562 3500 1111111111,
584 3439 670 3507 pater
692 3439 811 3509 optume
830 3431 993 3500 Teucrum,
1073 3445 1123 3495 ooo

111 3522 219 3592 pontus
239 3513 328 3575 1111111
350 3512 457 3592 Libyae
479 3531 536 3575 nec
558 3531 625 3591 spes
648 3516 705 3575 iam
722 3522 812 3576 restat
832 3515 901 3584 luli,
