<?xml version="1.0" encoding="UTF-8"?>
<!DOCTYPE html PUBLIC "-//W3C//DTD XHTML 1.0 Transitional//EN"
    "http://www.w3.org/TR/xhtml1/DTD/xhtml1-transitional.dtd">
<html xmlns="http://www.w3.org/1999/xhtml" xml:lang="en" lang="en">
 <head>
  <title>
</title>
<meta http-equiv="Content-Type" content="text/html;charset=utf-8" />
  <meta name='ocr-system' content='tesseract 3.04.00' />
  <meta name='ocr-capabilities' content='ocr_page ocr_carea ocr_par ocr_line ocrx_word'/>
</head>
<body>
  <div class='ocr_page' id='page_1' title='image "./pvergilimaronis12virggoog/pvergilimaronis12virggoog_0166.png"; bbox 0 0 2512 4096; ppageno 0'>
   <div class='ocr_carea' id='block_1_1' title="bbox 462 274 1137 338">
    <p class='ocr_par' dir='ltr' id='par_1_1' title="bbox 462 274 1137 338">
     <span class='ocr_line' id='line_1_1' title="bbox 462 274 1137 338; baseline 0.007 -7"><span class='ocrx_word' id='word_1_1' title='bbox 462 283 604 332; x_wconf 81' lang='lat' dir='ltr'><strong>vnnomr</strong></span> <span class='ocrx_word' id='word_1_2' title='bbox 624 282 748 332; x_wconf 76' lang='lat' dir='ltr'><strong>unnnrs</strong></span> <span class='ocrx_word' id='word_1_3' title='bbox 768 284 808 332; x_wconf 87' lang='lat'><strong>111</strong></span> <span class='ocrx_word' id='word_1_4' title='bbox 1079 274 1137 338; x_wconf 80' lang='lat' dir='ltr'><strong>tta</strong></span> 
     </span>
    </p>
   </div>
   <div class='ocr_carea' id='block_1_2' title="bbox 68 434 1182 3266">
    <p class='ocr_par' dir='ltr' id='par_1_2' title="bbox 126 434 1182 516">
     <span class='ocr_line' id='line_1_2' title="bbox 126 434 1182 516; baseline 0.008 -19"><span class='ocrx_word' id='word_1_5' title='bbox 126 434 298 515; x_wconf 75' lang='lat' dir='ltr'><strong>linquebant</strong></span> <span class='ocrx_word' id='word_1_6' title='bbox 317 437 417 500; x_wconf 79' lang='lat' dir='ltr'><strong>dulces</strong></span> <span class='ocrx_word' id='word_1_7' title='bbox 439 440 550 500; x_wconf 87' lang='lat' dir='ltr'><strong>animas</strong></span> <span class='ocrx_word' id='word_1_8' title='bbox 571 444 621 498; x_wconf 90' lang='lat' dir='ltr'><strong>aut</strong></span> <span class='ocrx_word' id='word_1_9' title='bbox 639 455 727 516; x_wconf 87' lang='lat' dir='ltr'><strong>aegra</strong></span> <span class='ocrx_word' id='word_1_10' title='bbox 745 437 900 499; x_wconf 81' lang='lat' dir='ltr'>trahebant</span> <span class='ocrx_word' id='word_1_11' title='bbox 1089 453 1139 506; x_wconf 77' lang='lat'><strong>140</strong></span> <span class='ocrx_word' id='word_1_12' title='bbox 1175 478 1182 491; x_wconf 79' lang='lat'>-</span> 
     </span>
    </p>

    <p class='ocr_par' dir='ltr' id='par_1_3' title="bbox 128 521 870 601">
     <span class='ocr_line' id='line_1_3' title="bbox 128 521 870 601; baseline 0.001 -21"><span class='ocrx_word' id='word_1_13' title='bbox 128 537 268 597; x_wconf 88' lang='lat' dir='ltr'><strong>corpora,</strong></span> <span class='ocrx_word' id='word_1_14' title='bbox 290 528 353 582; x_wconf 93' lang='lat' dir='ltr'><strong>tum</strong></span> <span class='ocrx_word' id='word_1_15' title='bbox 371 521 485 583; x_wconf 88' lang='lat' dir='ltr'><strong>steriles</strong></span> <span class='ocrx_word' id='word_1_16' title='bbox 508 539 633 582; x_wconf 84' lang='lat' dir='ltr'><strong>exurere</strong></span> <span class='ocrx_word' id='word_1_17' title='bbox 654 521 747 582; x_wconf 85' lang='lat' dir='ltr'><strong>Sirius</strong></span> <span class='ocrx_word' id='word_1_18' title='bbox 768 539 870 601; x_wconf 86' lang='lat' dir='ltr'><strong>agros,</strong></span> 
     </span>
    </p>

    <p class='ocr_par' dir='ltr' id='par_1_4' title="bbox 127 603 974 682">
     <span class='ocr_line' id='line_1_4' title="bbox 127 603 974 682; baseline 0 -18"><span class='ocrx_word' id='word_1_19' title='bbox 127 603 249 664; x_wconf 79' lang='lat' dir='ltr'><strong>arebant</strong></span> <span class='ocrx_word' id='word_1_20' title='bbox 268 604 378 665; x_wconf 82' lang='lat' dir='ltr'><strong>herbae</strong></span> <span class='ocrx_word' id='word_1_21' title='bbox 399 613 428 666; x_wconf 92' lang='lat' dir='ltr'><strong>et</strong></span> <span class='ocrx_word' id='word_1_22' title='bbox 448 607 557 667; x_wconf 88' lang='lat' dir='ltr'><strong>victum</strong></span> <span class='ocrx_word' id='word_1_23' title='bbox 575 622 660 682; x_wconf 87' lang='lat' dir='ltr'><strong>seges</strong></span> <span class='ocrx_word' id='word_1_24' title='bbox 681 622 768 682; x_wconf 83' lang='lat' dir='ltr'><strong>aegra</strong></span> <span class='ocrx_word' id='word_1_25' title='bbox 789 604 924 682; x_wconf 87' lang='lat' dir='ltr'><strong>negabat.</strong></span> <span class='ocrx_word' id='word_1_26' title='bbox 961 640 974 672; x_wconf 71' lang='lat' dir='ltr'><strong>a</strong></span> 
     </span>
    </p>

    <p class='ocr_par' dir='ltr' id='par_1_5' title="bbox 126 687 973 768">
     <span class='ocr_line' id='line_1_5' title="bbox 126 687 973 768; baseline 0.004 -22"><span class='ocrx_word' id='word_1_27' title='bbox 126 704 230 747; x_wconf 90' lang='lat' dir='ltr'><strong>rursus</strong></span> <span class='ocrx_word' id='word_1_28' title='bbox 250 687 287 747; x_wconf 86' lang='lat' dir='ltr'><strong>ad</strong></span> <span class='ocrx_word' id='word_1_29' title='bbox 307 687 438 749; x_wconf 87' lang='lat' dir='ltr'><strong>oraclum</strong></span> <span class='ocrx_word' id='word_1_30' title='bbox 454 687 589 768; x_wconf 73' lang='lat' dir='ltr'><strong>Ortygiae</strong></span> <span class='ocrx_word' id='word_1_31' title='bbox 606 687 817 766; x_wconf 89' lang='lat' dir='ltr'><strong>Phoebumque</strong></span> <span class='ocrx_word' id='word_1_32' title='bbox 837 706 973 750; x_wconf 91' lang='lat' dir='ltr'><strong>remenso</strong></span> 
     </span>
    </p>

    <p class='ocr_par' dir='ltr' id='par_1_6' title="bbox 124 771 864 850">
     <span class='ocr_line' id='line_1_6' title="bbox 124 771 864 850; baseline 0.001 -20"><span class='ocrx_word' id='word_1_33' title='bbox 124 771 260 830; x_wconf 73' lang='lat' dir='ltr'><strong>hortatur</strong></span> <span class='ocrx_word' id='word_1_34' title='bbox 277 779 362 848; x_wconf 90' lang='lat' dir='ltr'><strong>pater</strong></span> <span class='ocrx_word' id='word_1_35' title='bbox 382 774 426 833; x_wconf 93' lang='lat' dir='ltr'><strong>ire</strong></span> <span class='ocrx_word' id='word_1_36' title='bbox 446 773 521 834; x_wconf 91' lang='lat' dir='ltr'><strong>mari</strong></span> <span class='ocrx_word' id='word_1_37' title='bbox 540 772 713 850; x_wconf 86' lang='lat' dir='ltr'><strong>veniamque</strong></span> <span class='ocrx_word' id='word_1_38' title='bbox 734 775 864 849; x_wconf 87' lang='lat' dir='ltr'><strong>precari,</strong></span> 
     </span>
    </p>

    <p class='ocr_par' dir='ltr' id='par_1_7' title="bbox 125 853 900 931">
     <span class='ocr_line' id='line_1_7' title="bbox 125 853 900 931; baseline 0.003 -17"><span class='ocrx_word' id='word_1_39' title='bbox 125 871 213 931; x_wconf 93' lang='lat' dir='ltr'><strong>quam</strong></span> <span class='ocrx_word' id='word_1_40' title='bbox 231 854 315 915; x_wconf 84' lang='lat' dir='ltr'><strong>sessis</strong></span> <span class='ocrx_word' id='word_1_41' title='bbox 336 854 425 916; x_wconf 82' lang='lat' dir='ltr'><strong>linem</strong></span> <span class='ocrx_word' id='word_1_42' title='bbox 445 854 646 926; x_wconf 75' lang='lat' dir='ltr'><strong>rebusferat,</strong></span> <span class='ocrx_word' id='word_1_43' title='bbox 669 855 748 916; x_wconf 92' lang='lat' dir='ltr'><strong>unde</strong></span> <span class='ocrx_word' id='word_1_44' title='bbox 764 853 900 916; x_wconf 83' lang='lat' dir='ltr'><strong>laborum</strong></span> 
     </span>
    </p>

    <p class='ocr_par' dir='ltr' id='par_1_8' title="bbox 124 937 949 1091">
     <span class='ocr_line' id='line_1_8' title="bbox 124 937 911 1017; baseline 0.003 -22"><span class='ocrx_word' id='word_1_45' title='bbox 124 943 267 1014; x_wconf 87' lang='lat' dir='ltr'><strong>temptare</strong></span> <span class='ocrx_word' id='word_1_46' title='bbox 291 937 428 1000; x_wconf 87' lang='lat' dir='ltr'><strong>auxilium</strong></span> <span class='ocrx_word' id='word_1_47' title='bbox 449 938 561 1007; x_wconf 91' lang='lat' dir='ltr'><strong>iubeat,</strong></span> <span class='ocrx_word' id='word_1_48' title='bbox 584 956 643 1017; x_wconf 93' lang='lat' dir='ltr'><strong>quo</strong></span> <span class='ocrx_word' id='word_1_49' title='bbox 661 946 776 1000; x_wconf 81' lang='lat' dir='ltr'><strong>vertere</strong></span> <span class='ocrx_word' id='word_1_50' title='bbox 799 956 911 1000; x_wconf 87' lang='lat' dir='ltr'><strong>cursus.</strong></span> 
     </span>
     <span class='ocr_line' id='line_1_9' title="bbox 165 1020 949 1091; baseline 0 -9"><span class='ocrx_word' id='word_1_51' title='bbox 165 1020 230 1082; x_wconf 87' lang='lat' dir='ltr'><strong>Nox</strong></span> <span class='ocrx_word' id='word_1_52' title='bbox 252 1029 328 1091; x_wconf 90' lang='lat' dir='ltr'><strong>erat,</strong></span> <span class='ocrx_word' id='word_1_53' title='bbox 352 1029 380 1082; x_wconf 92' lang='lat' dir='ltr'><strong>et</strong></span> <span class='ocrx_word' id='word_1_54' title='bbox 402 1024 489 1083; x_wconf 88' lang='lat' dir='ltr'><strong>terris</strong></span> <span class='ocrx_word' id='word_1_55' title='bbox 508 1021 643 1084; x_wconf 90' lang='lat' dir='ltr'><strong>animalia</strong></span> <span class='ocrx_word' id='word_1_56' title='bbox 663 1039 784 1083; x_wconf 91' lang='lat' dir='ltr'><strong>somnus</strong></span> <span class='ocrx_word' id='word_1_57' title='bbox 805 1021 949 1083; x_wconf 89' lang='lat' dir='ltr'><strong>habebat:</strong></span> 
     </span>
    </p>

    <p class='ocr_par' dir='ltr' id='par_1_9' title="bbox 125 1103 826 1184">
     <span class='ocr_line' id='line_1_10' title="bbox 125 1103 826 1184; baseline 0.003 -20"><span class='ocrx_word' id='word_1_58' title='bbox 125 1103 236 1180; x_wconf 85' lang='lat' dir='ltr'><strong>effigies</strong></span> <span class='ocrx_word' id='word_1_59' title='bbox 255 1123 357 1166; x_wconf 89' lang='lat' dir='ltr'><strong>sacrae</strong></span> <span class='ocrx_word' id='word_1_60' title='bbox 378 1105 474 1167; x_wconf 84' lang='lat' dir='ltr'><strong>divom</strong></span> <span class='ocrx_word' id='word_1_61' title='bbox 494 1105 671 1184; x_wconf 76' lang='lat' dir='ltr'><strong>Phrygiique</strong></span> <span class='ocrx_word' id='word_1_62' title='bbox 692 1112 826 1184; x_wconf 88' lang='lat' dir='ltr'><strong>penates,</strong></span> 
     </span>
    </p>

    <p class='ocr_par' dir='ltr' id='par_1_10' title="bbox 124 1187 980 1268">
     <span class='ocr_line' id='line_1_11' title="bbox 124 1187 980 1268; baseline 0.002 -22"><span class='ocrx_word' id='word_1_63' title='bbox 124 1204 198 1265; x_wconf 91' lang='lat' dir='ltr'><strong>quos</strong></span> <span class='ocrx_word' id='word_1_64' title='bbox 219 1205 335 1249; x_wconf 90' lang='lat' dir='ltr'><strong>mecum</strong></span> <span class='ocrx_word' id='word_1_65' title='bbox 356 1187 392 1249; x_wconf 89' lang='lat' dir='ltr'><strong>ab</strong></span> <span class='ocrx_word' id='word_1_66' title='bbox 415 1189 503 1250; x_wconf 84' lang='lat' dir='ltr'><strong>Troia</strong></span> <span class='ocrx_word' id='word_1_67' title='bbox 521 1189 682 1268; x_wconf 87' lang='lat' dir='ltr'><strong>mediisque</strong></span> <span class='ocrx_word' id='word_1_68' title='bbox 704 1208 739 1250; x_wconf 84' lang='lat' dir='ltr'><strong>ex</strong></span> <span class='ocrx_word' id='word_1_69' title='bbox 760 1187 877 1267; x_wconf 76' lang='lat' dir='ltr'><strong>ignibus</strong></span> <span class='ocrx_word' id='word_1_70' title='bbox 897 1189 980 1249; x_wconf 90' lang='lat' dir='ltr'><strong>urbis</strong></span> 
     </span>
    </p>

    <p class='ocr_par' dir='ltr' id='par_1_11' title="bbox 125 1269 835 1341">
     <span class='ocr_line' id='line_1_12' title="bbox 125 1269 835 1341; baseline 0.003 -11"><span class='ocrx_word' id='word_1_71' title='bbox 125 1269 300 1341; x_wconf 84' lang='lat' dir='ltr'><strong>extuleram,</strong></span> <span class='ocrx_word' id='word_1_72' title='bbox 322 1273 374 1333; x_wconf 90' lang='lat' dir='ltr'><strong>visi</strong></span> <span class='ocrx_word' id='word_1_73' title='bbox 397 1281 464 1332; x_wconf 88' lang='lat' dir='ltr'><strong>ante</strong></span> <span class='ocrx_word' id='word_1_74' title='bbox 485 1272 586 1334; x_wconf 89' lang='lat' dir='ltr'><strong>oculos</strong></span> <span class='ocrx_word' id='word_1_75' title='bbox 603 1280 698 1334; x_wconf 87' lang='lat' dir='ltr'><strong>astare</strong></span> <span class='ocrx_word' id='word_1_76' title='bbox 715 1272 835 1333; x_wconf 92' lang='lat' dir='ltr'><strong>iacentis</strong></span> 
     </span>
    </p>

    <p class='ocr_par' dir='ltr' id='par_1_12' title="bbox 122 1355 862 1433">
     <span class='ocr_line' id='line_1_13' title="bbox 122 1355 862 1433; baseline 0.003 -20"><span class='ocrx_word' id='word_1_77' title='bbox 122 1355 298 1425; x_wconf 85' lang='lat' dir='ltr'><strong>insomnis,</strong></span> <span class='ocrx_word' id='word_1_78' title='bbox 319 1355 411 1416; x_wconf 90' lang='lat' dir='ltr'><strong>multo</strong></span> <span class='ocrx_word' id='word_1_79' title='bbox 429 1355 585 1417; x_wconf 80' lang='lat' dir='ltr'><strong>manufesti</strong></span> <span class='ocrx_word' id='word_1_80' title='bbox 605 1355 729 1426; x_wconf 89' lang='lat' dir='ltr'><strong>lumine,</strong></span> <span class='ocrx_word' id='word_1_81' title='bbox 752 1373 808 1433; x_wconf 92' lang='lat' dir='ltr'><strong>qua</strong></span> <span class='ocrx_word' id='word_1_82' title='bbox 830 1374 862 1415; x_wconf 88' lang='lat' dir='ltr'><strong>se</strong></span> 
     </span>
    </p>

    <p class='ocr_par' dir='ltr' id='par_1_13' title="bbox 68 1436 854 1516">
     <span class='ocr_line' id='line_1_14' title="bbox 68 1436 854 1516; baseline 0.003 -19"><span class='ocrx_word' id='word_1_83' title='bbox 68 1473 73 1507; x_wconf 44' lang='lat'><strong>1„</strong></span> <span class='ocrx_word' id='word_1_84' title='bbox 99 1436 208 1516; x_wconf 55' lang='lat' dir='ltr'><strong>xplena</strong></span> <span class='ocrx_word' id='word_1_85' title='bbox 230 1455 284 1516; x_wconf 94' lang='lat' dir='ltr'><strong>per</strong></span> <span class='ocrx_word' id='word_1_86' title='bbox 304 1440 429 1500; x_wconf 88' lang='lat' dir='ltr'><strong>insertas</strong></span> <span class='ocrx_word' id='word_1_87' title='bbox 450 1439 592 1500; x_wconf 80' lang='lat' dir='ltr'><strong>fundebat</strong></span> <span class='ocrx_word' id='word_1_88' title='bbox 611 1438 680 1500; x_wconf 91' lang='lat' dir='ltr'><strong>luna</strong></span> <span class='ocrx_word' id='word_1_89' title='bbox 698 1441 854 1508; x_wconf 88' lang='lat' dir='ltr'><strong>fenestras,</strong></span> 
     </span>
    </p>

    <p class='ocr_par' dir='ltr' id='par_1_14' title="bbox 123 1522 841 1584">
     <span class='ocr_line' id='line_1_15' title="bbox 123 1522 841 1584; baseline 0.006 -5"><span class='ocrx_word' id='word_1_90' title='bbox 123 1528 186 1581; x_wconf 88' lang='lat' dir='ltr'><strong>tum</strong></span> <span class='ocrx_word' id='word_1_91' title='bbox 203 1523 245 1581; x_wconf 90' lang='lat' dir='ltr'><strong>sie</strong></span> <span class='ocrx_word' id='word_1_92' title='bbox 264 1522 357 1583; x_wconf 86' lang='lat' dir='ltr'><strong>adiari</strong></span> <span class='ocrx_word' id='word_1_93' title='bbox 378 1530 407 1584; x_wconf 90' lang='lat' dir='ltr'><strong>et</strong></span> <span class='ocrx_word' id='word_1_94' title='bbox 425 1539 511 1584; x_wconf 88' lang='lat' dir='ltr'><strong>curas</strong></span> <span class='ocrx_word' id='word_1_95' title='bbox 535 1524 580 1583; x_wconf 90' lang='lat' dir='ltr'><strong>his</strong></span> <span class='ocrx_word' id='word_1_96' title='bbox 602 1522 721 1584; x_wconf 87' lang='lat' dir='ltr'><strong>demere</strong></span> <span class='ocrx_word' id='word_1_97' title='bbox 742 1523 841 1584; x_wconf 90' lang='lat' dir='ltr'><strong>dictis:</strong></span> 
     </span>
    </p>

    <p class='ocr_par' dir='ltr' id='par_1_15' title="bbox 140 1604 926 1686">
     <span class='ocr_line' id='line_1_16' title="bbox 140 1604 926 1686; baseline 0.006 -23"><span class='ocrx_word' id='word_1_98' title='bbox 140 1604 219 1683; x_wconf 94' lang='lat' dir='ltr'><strong>quod</strong></span> <span class='ocrx_word' id='word_1_99' title='bbox 240 1604 292 1666; x_wconf 90' lang='lat' dir='ltr'><strong>tibi</strong></span> <span class='ocrx_word' id='word_1_100' title='bbox 311 1604 406 1667; x_wconf 90' lang='lat' dir='ltr'><strong>delato</strong></span> <span class='ocrx_word' id='word_1_101' title='bbox 428 1605 577 1686; x_wconf 77' lang='lat' dir='ltr'><strong>Ortygiam</strong></span> <span class='ocrx_word' id='word_1_102' title='bbox 596 1605 727 1667; x_wconf 91' lang='lat' dir='ltr'><strong>dicturus</strong></span> <span class='ocrx_word' id='word_1_103' title='bbox 744 1604 847 1686; x_wconf 77' lang='lat' dir='ltr'><strong>Apollo</strong></span> <span class='ocrx_word' id='word_1_104' title='bbox 869 1613 926 1676; x_wconf 86' lang='lat' dir='ltr'><strong>est,</strong></span> 
     </span>
    </p>

    <p class='ocr_par' dir='ltr' id='par_1_16' title="bbox 68 1684 919 1766">
     <span class='ocr_line' id='line_1_17' title="bbox 68 1684 919 1766; baseline 0.005 -20"><span class='ocrx_word' id='word_1_105' title='bbox 68 1762 72 1766; x_wconf 11' lang='grc' dir='ltr'>ί</span> <span class='ocrx_word' id='word_1_106' title='bbox 122 1684 172 1748; x_wconf 90' lang='lat' dir='ltr'><strong>hie</strong></span> <span class='ocrx_word' id='word_1_107' title='bbox 193 1689 283 1757; x_wconf 88' lang='lat' dir='ltr'><strong>canit,</strong></span> <span class='ocrx_word' id='word_1_108' title='bbox 304 1699 332 1750; x_wconf 92' lang='lat' dir='ltr'><strong>et</strong></span> <span class='ocrx_word' id='word_1_109' title='bbox 350 1699 400 1750; x_wconf 92' lang='lat' dir='ltr'><strong>tua</strong></span> <span class='ocrx_word' id='word_1_110' title='bbox 421 1707 475 1750; x_wconf 93' lang='lat' dir='ltr'><strong>nos</strong></span> <span class='ocrx_word' id='word_1_111' title='bbox 497 1707 534 1751; x_wconf 87' lang='lat' dir='ltr'><strong>en</strong></span> <span class='ocrx_word' id='word_1_112' title='bbox 552 1688 630 1749; x_wconf 90' lang='lat' dir='ltr'><strong>ultro</strong></span> <span class='ocrx_word' id='word_1_113' title='bbox 650 1690 687 1750; x_wconf 91' lang='lat' dir='ltr'><strong>ad</strong></span> <span class='ocrx_word' id='word_1_114' title='bbox 704 1688 804 1750; x_wconf 88' lang='lat' dir='ltr'><strong>limina</strong></span> <span class='ocrx_word' id='word_1_115' title='bbox 824 1691 919 1751; x_wconf 89' lang='lat' dir='ltr'><strong>mittit.</strong></span> 
     </span>
    </p>

    <p class='ocr_par' dir='ltr' id='par_1_17' title="bbox 122 1771 888 1851">
     <span class='ocr_line' id='line_1_18' title="bbox 122 1771 888 1851; baseline 0.007 -22"><span class='ocrx_word' id='word_1_116' title='bbox 122 1788 177 1830; x_wconf 90' lang='lat' dir='ltr'><strong>uos</strong></span> <span class='ocrx_word' id='word_1_117' title='bbox 198 1778 228 1831; x_wconf 87' lang='lat' dir='ltr'><strong>to</strong></span> <span class='ocrx_word' id='word_1_118' title='bbox 247 1771 392 1833; x_wconf 90' lang='lat' dir='ltr'><strong>Dardania</strong></span> <span class='ocrx_word' id='word_1_119' title='bbox 409 1775 528 1834; x_wconf 90' lang='lat' dir='ltr'><strong>incensa</strong></span> <span class='ocrx_word' id='word_1_120' title='bbox 548 1782 657 1851; x_wconf 91' lang='lat' dir='ltr'><strong>tuaque</strong></span> <span class='ocrx_word' id='word_1_121' title='bbox 678 1791 760 1834; x_wconf 90' lang='lat' dir='ltr'><strong>arma</strong></span> <span class='ocrx_word' id='word_1_122' title='bbox 781 1775 888 1843; x_wconf 90' lang='lat' dir='ltr'><strong>secuti,</strong></span> 
     </span>
    </p>

    <p class='ocr_par' dir='ltr' id='par_1_18' title="bbox 121 1855 930 1938">
     <span class='ocr_line' id='line_1_19' title="bbox 121 1855 930 1938; baseline 0.004 -25"><span class='ocrx_word' id='word_1_123' title='bbox 121 1870 177 1938; x_wconf 85' lang='lat' dir='ltr'><strong>nos</strong></span> <span class='ocrx_word' id='word_1_124' title='bbox 193 1855 339 1916; x_wconf 90' lang='lat' dir='ltr'><strong>tumidum</strong></span> <span class='ocrx_word' id='word_1_125' title='bbox 359 1857 414 1917; x_wconf 93' lang='lat' dir='ltr'><strong>sub</strong></span> <span class='ocrx_word' id='word_1_126' title='bbox 435 1864 464 1917; x_wconf 91' lang='lat' dir='ltr'><strong>te</strong></span> <span class='ocrx_word' id='word_1_127' title='bbox 484 1858 632 1934; x_wconf 89' lang='lat' dir='ltr'><strong>permensi</strong></span> <span class='ocrx_word' id='word_1_128' title='bbox 655 1856 798 1918; x_wconf 89' lang='lat' dir='ltr'><strong>classibus</strong></span> <span class='ocrx_word' id='word_1_129' title='bbox 819 1875 930 1936; x_wconf 90' lang='lat' dir='ltr'><strong>aequor</strong></span> 
     </span>
    </p>

    <p class='ocr_par' dir='ltr' id='par_1_19' title="bbox 123 1937 808 2018">
     <span class='ocr_line' id='line_1_20' title="bbox 123 1937 808 2018; baseline 0.003 -20"><span class='ocrx_word' id='word_1_130' title='bbox 123 1937 200 1999; x_wconf 66' lang='lat' dir='ltr'><strong>‚dem</strong></span> <span class='ocrx_word' id='word_1_131' title='bbox 220 1945 359 1999; x_wconf 89' lang='lat' dir='ltr'><strong>venturos</strong></span> <span class='ocrx_word' id='word_1_132' title='bbox 379 1939 515 2000; x_wconf 88' lang='lat' dir='ltr'><strong>tollemus</strong></span> <span class='ocrx_word' id='word_1_133' title='bbox 536 1943 566 2000; x_wconf 91' lang='lat' dir='ltr'><strong>in</strong></span> <span class='ocrx_word' id='word_1_134' title='bbox 587 1948 665 2000; x_wconf 88' lang='lat' dir='ltr'><strong>astra</strong></span> <span class='ocrx_word' id='word_1_135' title='bbox 687 1947 808 2018; x_wconf 88' lang='lat' dir='ltr'><strong>nepotes</strong></span> 
     </span>
    </p>

    <p class='ocr_par' dir='ltr' id='par_1_20' title="bbox 122 2020 938 2100">
     <span class='ocr_line' id='line_1_21' title="bbox 122 2020 938 2100; baseline 0 -20"><span class='ocrx_word' id='word_1_136' title='bbox 122 2020 339 2100; x_wconf 87' lang='lat' dir='ltr'><strong>imperiumque</strong></span> <span class='ocrx_word' id='word_1_137' title='bbox 359 2022 428 2083; x_wconf 92' lang='lat' dir='ltr'><strong>urbi</strong></span> <span class='ocrx_word' id='word_1_138' title='bbox 450 2022 593 2084; x_wconf 89' lang='lat' dir='ltr'><strong>dabimus.</strong></span> <span class='ocrx_word' id='word_1_139' title='bbox 636 2030 668 2083; x_wconf 93' lang='lat' dir='ltr'><strong>tu</strong></span> <span class='ocrx_word' id='word_1_140' title='bbox 690 2023 805 2083; x_wconf 89' lang='lat' dir='ltr'><strong>moenia</strong></span> <span class='ocrx_word' id='word_1_141' title='bbox 825 2023 938 2098; x_wconf 82' lang='lat' dir='ltr'><strong>magnis</strong></span> 
     </span>
    </p>

    <p class='ocr_par' dir='ltr' id='par_1_21' title="bbox 121 2103 990 2184">
     <span class='ocr_line' id='line_1_22' title="bbox 121 2103 990 2184; baseline 0 -20"><span class='ocrx_word' id='word_1_142' title='bbox 121 2120 227 2182; x_wconf 88' lang='lat' dir='ltr'><strong>magna</strong></span> <span class='ocrx_word' id='word_1_143' title='bbox 250 2122 339 2182; x_wconf 90' lang='lat' dir='ltr'><strong>para,</strong></span> <span class='ocrx_word' id='word_1_144' title='bbox 362 2104 543 2184; x_wconf 89' lang='lat' dir='ltr'><strong>longumque</strong></span> <span class='ocrx_word' id='word_1_145' title='bbox 561 2105 648 2182; x_wconf 83' lang='lat' dir='ltr'><strong>lagae</strong></span> <span class='ocrx_word' id='word_1_146' title='bbox 670 2123 708 2165; x_wconf 88' lang='lat' dir='ltr'><strong>ne</strong></span> <span class='ocrx_word' id='word_1_147' title='bbox 729 2104 828 2182; x_wconf 92' lang='lat' dir='ltr'><strong>linque</strong></span> <span class='ocrx_word' id='word_1_148' title='bbox 849 2103 990 2165; x_wconf 91' lang='lat' dir='ltr'><strong>laborem.</strong></span> 
     </span>
    </p>

    <p class='ocr_par' dir='ltr' id='par_1_22' title="bbox 77 2186 878 2249">
     <span class='ocr_line' id='line_1_23' title="bbox 77 2186 878 2249; baseline -0.004 0"><span class='ocrx_word' id='word_1_149' title='bbox 77 2193 79 2197; x_wconf 72' lang='lat'>‘</span> <span class='ocrx_word' id='word_1_150' title='bbox 121 2187 279 2249; x_wconf 87' lang='lat' dir='ltr'><strong>mutandae</strong></span> <span class='ocrx_word' id='word_1_151' title='bbox 299 2187 392 2248; x_wconf 90' lang='lat' dir='ltr'><strong>sedes.</strong></span> <span class='ocrx_word' id='word_1_152' title='bbox 437 2205 497 2248; x_wconf 91' lang='lat' dir='ltr'><strong>non</strong></span> <span class='ocrx_word' id='word_1_153' title='bbox 515 2188 589 2249; x_wconf 88' lang='lat' dir='ltr'><strong>haec</strong></span> <span class='ocrx_word' id='word_1_154' title='bbox 609 2187 662 2248; x_wconf 92' lang='lat' dir='ltr'><strong>tibi</strong></span> <span class='ocrx_word' id='word_1_155' title='bbox 682 2186 768 2247; x_wconf 88' lang='lat' dir='ltr'><strong>litora</strong></span> <span class='ocrx_word' id='word_1_156' title='bbox 789 2188 878 2247; x_wconf 90' lang='lat' dir='ltr'><strong>suasit</strong></span> 
     </span>
    </p>

    <p class='ocr_par' dir='ltr' id='par_1_23' title="bbox 120 2269 821 2347">
     <span class='ocr_line' id='line_1_24' title="bbox 120 2269 821 2347; baseline -0.004 -16"><span class='ocrx_word' id='word_1_157' title='bbox 120 2270 221 2332; x_wconf 89' lang='lat' dir='ltr'><strong>Delius</strong></span> <span class='ocrx_word' id='word_1_158' title='bbox 243 2280 293 2331; x_wconf 92' lang='lat' dir='ltr'><strong>aut</strong></span> <span class='ocrx_word' id='word_1_159' title='bbox 311 2271 414 2331; x_wconf 88' lang='lat' dir='ltr'><strong>Cretae</strong></span> <span class='ocrx_word' id='word_1_160' title='bbox 435 2271 518 2332; x_wconf 91' lang='lat' dir='ltr'><strong>iussit</strong></span> <span class='ocrx_word' id='word_1_161' title='bbox 537 2270 690 2331; x_wconf 88' lang='lat' dir='ltr'><strong>considere</strong></span> <span class='ocrx_word' id='word_1_162' title='bbox 709 2269 821 2347; x_wconf 79' lang='lat' dir='ltr'><strong>Apollo.</strong></span> 
     </span>
    </p>

    <p class='ocr_par' dir='ltr' id='par_1_24' title="bbox 79 2352 895 2434">
     <span class='ocr_line' id='line_1_25' title="bbox 79 2352 895 2434; baseline -0.004 -18"><span class='ocrx_word' id='word_1_163' title='bbox 79 2359 84 2364; x_wconf 83' lang='lat'>&#39;</span> <span class='ocrx_word' id='word_1_164' title='bbox 121 2362 166 2416; x_wconf 89' lang='lat' dir='ltr'><strong>est</strong></span> <span class='ocrx_word' id='word_1_165' title='bbox 182 2355 266 2415; x_wconf 89' lang='lat' dir='ltr'><strong>locus</strong></span> <span class='ocrx_word' id='word_1_166' title='bbox 285 2354 465 2432; x_wconf 84' lang='lat' dir='ltr'><strong>(Hesperiam</strong></span> <span class='ocrx_word' id='word_1_167' title='bbox 490 2355 559 2416; x_wconf 88' lang='lat' dir='ltr'><strong>Grai</strong></span> <span class='ocrx_word' id='word_1_168' title='bbox 577 2354 749 2431; x_wconf 84' lang='lat' dir='ltr'><strong>cognomine</strong></span> <span class='ocrx_word' id='word_1_169' title='bbox 771 2352 895 2434; x_wconf 83' lang='lat' dir='ltr'><strong>dicum),</strong></span> 
     </span>
    </p>

    <p class='ocr_par' dir='ltr' id='par_1_25' title="bbox 121 2435 968 2518">
     <span class='ocr_line' id='line_1_26' title="bbox 121 2435 968 2518; baseline 0.001 -20"><span class='ocrx_word' id='word_1_170' title='bbox 121 2445 199 2499; x_wconf 91' lang='lat' dir='ltr'><strong>terra</strong></span> <span class='ocrx_word' id='word_1_171' title='bbox 222 2439 355 2515; x_wconf 88' lang='lat' dir='ltr'><strong>antiqua,</strong></span> <span class='ocrx_word' id='word_1_172' title='bbox 376 2444 482 2515; x_wconf 92' lang='lat' dir='ltr'><strong>potens</strong></span> <span class='ocrx_word' id='word_1_173' title='bbox 503 2439 592 2497; x_wconf 90' lang='lat' dir='ltr'><strong>armis</strong></span> <span class='ocrx_word' id='word_1_174' title='bbox 613 2445 700 2518; x_wconf 88' lang='lat' dir='ltr'><strong>atque</strong></span> <span class='ocrx_word' id='word_1_175' title='bbox 722 2435 815 2498; x_wconf 92' lang='lat' dir='ltr'><strong>ubere</strong></span> <span class='ocrx_word' id='word_1_176' title='bbox 834 2436 968 2514; x_wconf 84' lang='lat' dir='ltr'><strong>glaebae.</strong></span> 
     </span>
    </p>

    <p class='ocr_par' dir='ltr' id='par_1_26' title="bbox 121 2520 815 2592">
     <span class='ocr_line' id='line_1_27' title="bbox 121 2520 815 2592; baseline -0.001 -11"><span class='ocrx_word' id='word_1_177' title='bbox 121 2523 238 2582; x_wconf 83' lang='lat' dir='ltr'><strong>Oenotri</strong></span> <span class='ocrx_word' id='word_1_178' title='bbox 261 2520 379 2582; x_wconf 87' lang='lat' dir='ltr'><strong>coluere</strong></span> <span class='ocrx_word' id='word_1_179' title='bbox 399 2523 469 2592; x_wconf 79' lang='lat' dir='ltr'><strong>viri,</strong></span> <span class='ocrx_word' id='word_1_180' title='bbox 487 2538 568 2582; x_wconf 88' lang='lat' dir='ltr'><strong>nunc</strong></span> <span class='ocrx_word' id='word_1_181' title='bbox 588 2521 666 2582; x_wconf 86' lang='lat' dir='ltr'><strong>lama</strong></span> <span class='ocrx_word' id='word_1_182' title='bbox 686 2522 815 2582; x_wconf 90' lang='lat' dir='ltr'><strong>minores</strong></span> 
     </span>
    </p>

    <p class='ocr_par' dir='ltr' id='par_1_27' title="bbox 120 2603 810 2682">
     <span class='ocr_line' id='line_1_28' title="bbox 120 2603 810 2682; baseline -0.001 -19"><span class='ocrx_word' id='word_1_183' title='bbox 120 2603 232 2664; x_wconf 90' lang='lat' dir='ltr'><strong>ltaliam</strong></span> <span class='ocrx_word' id='word_1_184' title='bbox 253 2605 359 2666; x_wconf 82' lang='lat' dir='ltr'><strong>dixisse</strong></span> <span class='ocrx_word' id='word_1_185' title='bbox 379 2605 461 2667; x_wconf 89' lang='lat' dir='ltr'><strong>ducis</strong></span> <span class='ocrx_word' id='word_1_186' title='bbox 483 2605 519 2667; x_wconf 90' lang='lat' dir='ltr'><strong>de</strong></span> <span class='ocrx_word' id='word_1_187' title='bbox 542 2606 661 2666; x_wconf 90' lang='lat' dir='ltr'><strong>nomine</strong></span> <span class='ocrx_word' id='word_1_188' title='bbox 678 2611 810 2682; x_wconf 81' lang='lat' dir='ltr'><strong>gentem:</strong></span> 
     </span>
    </p>

    <p class='ocr_par' dir='ltr' id='par_1_28' title="bbox 121 2688 929 2767">
     <span class='ocr_line' id='line_1_29' title="bbox 121 2688 929 2767; baseline 0 -21"><span class='ocrx_word' id='word_1_189' title='bbox 121 2688 177 2748; x_wconf 89' lang='lat' dir='ltr'><strong>hae</strong></span> <span class='ocrx_word' id='word_1_190' title='bbox 197 2688 283 2749; x_wconf 91' lang='lat' dir='ltr'><strong>nobis</strong></span> <span class='ocrx_word' id='word_1_191' title='bbox 302 2691 441 2767; x_wconf 92' lang='lat' dir='ltr'><strong>propriae</strong></span> <span class='ocrx_word' id='word_1_192' title='bbox 461 2689 560 2757; x_wconf 88' lang='lat' dir='ltr'><strong>sedes,</strong></span> <span class='ocrx_word' id='word_1_193' title='bbox 583 2690 652 2750; x_wconf 91' lang='lat' dir='ltr'><strong>hinc</strong></span> <span class='ocrx_word' id='word_1_194' title='bbox 673 2688 825 2750; x_wconf 84' lang='lat' dir='ltr'><strong>Dardanus</strong></span> <span class='ocrx_word' id='word_1_195' title='bbox 847 2694 929 2747; x_wconf 84' lang='lat' dir='ltr'><strong>ortus</strong></span> 
     </span>
    </p>

    <p class='ocr_par' dir='ltr' id='par_1_29' title="bbox 123 2771 941 2853">
     <span class='ocr_line' id='line_1_30' title="bbox 123 2771 941 2853; baseline 0.001 -24"><span class='ocrx_word' id='word_1_196' title='bbox 123 2771 272 2849; x_wconf 82' lang='lat' dir='ltr'><strong>Iasiusque</strong></span> <span class='ocrx_word' id='word_1_197' title='bbox 292 2780 390 2850; x_wconf 91' lang='lat' dir='ltr'><strong>pater,</strong></span> <span class='ocrx_word' id='word_1_198' title='bbox 412 2789 506 2849; x_wconf 83' lang='lat' dir='ltr'><strong>genus</strong></span> <span class='ocrx_word' id='word_1_199' title='bbox 527 2791 544 2833; x_wconf 88' lang='lat' dir='ltr'><strong>a</strong></span> <span class='ocrx_word' id='word_1_200' title='bbox 567 2790 624 2853; x_wconf 91' lang='lat' dir='ltr'><strong>quo</strong></span> <span class='ocrx_word' id='word_1_201' title='bbox 644 2773 777 2851; x_wconf 80' lang='lat' dir='ltr'><strong>principe</strong></span> <span class='ocrx_word' id='word_1_202' title='bbox 798 2778 941 2831; x_wconf 90' lang='lat' dir='ltr'><strong>nostrum.</strong></span> 
     </span>
    </p>

    <p class='ocr_par' dir='ltr' id='par_1_30' title="bbox 122 2854 932 2934">
     <span class='ocr_line' id='line_1_31' title="bbox 122 2854 932 2934; baseline 0.002 -22"><span class='ocrx_word' id='word_1_203' title='bbox 122 2869 211 2928; x_wconf 84' lang='lat' dir='ltr'><strong>surge</strong></span> <span class='ocrx_word' id='word_1_204' title='bbox 225 2869 279 2929; x_wconf 83' lang='lat' dir='ltr'><strong>age</strong></span> <span class='ocrx_word' id='word_1_205' title='bbox 301 2860 330 2913; x_wconf 90' lang='lat' dir='ltr'><strong>et</strong></span> <span class='ocrx_word' id='word_1_206' title='bbox 350 2855 424 2915; x_wconf 91' lang='lat' dir='ltr'><strong>haec</strong></span> <span class='ocrx_word' id='word_1_207' title='bbox 444 2855 539 2916; x_wconf 89' lang='lat' dir='ltr'><strong>laetus</strong></span> <span class='ocrx_word' id='word_1_208' title='bbox 559 2854 700 2933; x_wconf 81' lang='lat' dir='ltr'><strong>longaevo</strong></span> <span class='ocrx_word' id='word_1_209' title='bbox 725 2855 801 2916; x_wconf 89' lang='lat' dir='ltr'><strong>dicta</strong></span> <span class='ocrx_word' id='word_1_210' title='bbox 817 2855 932 2934; x_wconf 91' lang='lat' dir='ltr'><strong>parenti</strong></span> 
     </span>
    </p>

    <p class='ocr_par' dir='ltr' id='par_1_31' title="bbox 122 2935 1002 3016">
     <span class='ocr_line' id='line_1_32' title="bbox 122 2935 1002 3016; baseline 0.003 -23"><span class='ocrx_word' id='word_1_211' title='bbox 122 2935 201 2994; x_wconf 93' lang='lat' dir='ltr'><strong>haud</strong></span> <span class='ocrx_word' id='word_1_212' title='bbox 223 2935 381 2996; x_wconf 89' lang='lat' dir='ltr'><strong>dubitanda</strong></span> <span class='ocrx_word' id='word_1_213' title='bbox 400 2937 494 3007; x_wconf 75' lang='lat' dir='ltr'><strong>refer,</strong></span> <span class='ocrx_word' id='word_1_214' title='bbox 517 2937 677 3016; x_wconf 83' lang='lat' dir='ltr'><strong>Corythum</strong></span> <span class='ocrx_word' id='word_1_215' title='bbox 697 2944 851 3015; x_wconf 89' lang='lat' dir='ltr'><strong>terrasque</strong></span> <span class='ocrx_word' id='word_1_216' title='bbox 871 2937 1002 3015; x_wconf 91' lang='lat' dir='ltr'><strong>requirat</strong></span> 
     </span>
    </p>

    <p class='ocr_par' dir='ltr' id='par_1_32' title="bbox 122 3016 865 3097">
     <span class='ocr_line' id='line_1_33' title="bbox 122 3016 865 3097; baseline 0.005 -21"><span class='ocrx_word' id='word_1_217' title='bbox 122 3016 281 3078; x_wconf 78' lang='lat' dir='ltr'><strong>Ausonias:</strong></span> <span class='ocrx_word' id='word_1_218' title='bbox 303 3019 420 3079; x_wconf 86' lang='lat' dir='ltr'><strong>Dictaea</strong></span> <span class='ocrx_word' id='word_1_219' title='bbox 442 3031 530 3095; x_wconf 80' lang='lat' dir='ltr'><strong>negat</strong></span> <span class='ocrx_word' id='word_1_220' title='bbox 549 3019 603 3080; x_wconf 90' lang='lat' dir='ltr'><strong>tibi</strong></span> <span class='ocrx_word' id='word_1_221' title='bbox 624 3021 753 3097; x_wconf 90' lang='lat' dir='ltr'><strong>luppiter</strong></span> <span class='ocrx_word' id='word_1_222' title='bbox 774 3020 865 3080; x_wconf 85' lang='lat' dir='ltr'><strong>arva&#39;</strong></span> 
     </span>
    </p>

    <p class='ocr_par' dir='ltr' id='par_1_33' title="bbox 121 3099 761 3163">
     <span class='ocr_line' id='line_1_34' title="bbox 121 3099 761 3163; baseline 0.002 -1"><span class='ocrx_word' id='word_1_223' title='bbox 121 3099 229 3162; x_wconf 82' lang='lat' dir='ltr'><strong>talibus</strong></span> <span class='ocrx_word' id='word_1_224' title='bbox 249 3103 387 3163; x_wconf 82' lang='lat' dir='ltr'><strong>attonitus</strong></span> <span class='ocrx_word' id='word_1_225' title='bbox 408 3102 476 3162; x_wconf 83' lang='lat' dir='ltr'><strong>visis</strong></span> <span class='ocrx_word' id='word_1_226' title='bbox 498 3110 527 3162; x_wconf 94' lang='lat' dir='ltr'><strong>et</strong></span> <span class='ocrx_word' id='word_1_227' title='bbox 546 3120 618 3163; x_wconf 86' lang='lat' dir='ltr'><strong>voco</strong></span> <span class='ocrx_word' id='word_1_228' title='bbox 638 3102 761 3163; x_wconf 92' lang='lat' dir='ltr'><strong>deorum</strong></span> 
     </span>
    </p>

    <p class='ocr_par' dir='ltr' id='par_1_34' title="bbox 122 3183 988 3266">
     <span class='ocr_line' id='line_1_35' title="bbox 122 3183 988 3266; baseline 0 -20"><span class='ocrx_word' id='word_1_229' title='bbox 122 3186 188 3266; x_wconf 88' lang='lat' dir='ltr'><strong>(nee</strong></span> <span class='ocrx_word' id='word_1_230' title='bbox 208 3203 298 3266; x_wconf 91' lang='lat' dir='ltr'><strong>sopor</strong></span> <span class='ocrx_word' id='word_1_231' title='bbox 318 3185 390 3247; x_wconf 88' lang='lat' dir='ltr'><strong>illud</strong></span> <span class='ocrx_word' id='word_1_232' title='bbox 410 3193 486 3256; x_wconf 90' lang='lat' dir='ltr'><strong>erat,</strong></span> <span class='ocrx_word' id='word_1_233' title='bbox 509 3183 560 3247; x_wconf 92' lang='lat' dir='ltr'><strong>sed</strong></span> <span class='ocrx_word' id='word_1_234' title='bbox 572 3203 671 3247; x_wconf 90' lang='lat' dir='ltr'><strong>coram</strong></span> <span class='ocrx_word' id='word_1_235' title='bbox 695 3185 874 3264; x_wconf 82' lang='lat' dir='ltr'><strong>adgnoscere</strong></span> <span class='ocrx_word' id='word_1_236' title='bbox 894 3185 988 3248; x_wconf 84' lang='lat' dir='ltr'><strong>voltus</strong></span> 
     </span>
    </p>
   </div>
   <div class='ocr_carea' id='block_1_3' title="bbox 120 3267 888 3596">
    <p class='ocr_par' dir='ltr' id='par_1_35' title="bbox 120 3267 888 3596">
     <span class='ocr_line' id='line_1_36' title="bbox 121 3267 875 3349; baseline -0.001 -18"><span class='ocrx_word' id='word_1_237' title='bbox 121 3268 286 3348; x_wconf 85' lang='lat' dir='ltr'><strong>velatasque</strong></span> <span class='ocrx_word' id='word_1_238' title='bbox 307 3287 407 3332; x_wconf 85' lang='lat' dir='ltr'><strong>comas</strong></span> <span class='ocrx_word' id='word_1_239' title='bbox 423 3270 649 3349; x_wconf 89' lang='lat' dir='ltr'><strong>praesentiaque</strong></span> <span class='ocrx_word' id='word_1_240' title='bbox 670 3286 721 3330; x_wconf 92' lang='lat' dir='ltr'><strong>ora</strong></span> <span class='ocrx_word' id='word_1_241' title='bbox 740 3267 875 3341; x_wconf 79' lang='lat' dir='ltr'><strong>videbar,</strong></span> 
     </span>
     <span class='ocr_line' id='line_1_37' title="bbox 120 3352 820 3435; baseline 0 -22"><span class='ocrx_word' id='word_1_242' title='bbox 120 3361 184 3413; x_wconf 91' lang='lat' dir='ltr'><strong>tum</strong></span> <span class='ocrx_word' id='word_1_243' title='bbox 204 3352 317 3430; x_wconf 84' lang='lat' dir='ltr'><strong>gehdus</strong></span> <span class='ocrx_word' id='word_1_244' title='bbox 338 3360 400 3414; x_wconf 90' lang='lat' dir='ltr'><strong>toto</strong></span> <span class='ocrx_word' id='word_1_245' title='bbox 419 3352 558 3416; x_wconf 83' lang='lat' dir='ltr'><strong>manabat</strong></span> <span class='ocrx_word' id='word_1_246' title='bbox 575 3371 701 3432; x_wconf 86' lang='lat' dir='ltr'><strong>corporo</strong></span> <span class='ocrx_word' id='word_1_247' title='bbox 721 3353 820 3435; x_wconf 86' lang='lat' dir='ltr'><strong>sudor)</strong></span> 
     </span>
     <span class='ocr_line' id='line_1_38' title="bbox 122 3437 863 3517; baseline 0 -19"><span class='ocrx_word' id='word_1_248' title='bbox 122 3437 250 3514; x_wconf 91' lang='lat' dir='ltr'><strong>corripio</strong></span> <span class='ocrx_word' id='word_1_249' title='bbox 273 3455 289 3497; x_wconf 89' lang='lat' dir='ltr'><strong>e</strong></span> <span class='ocrx_word' id='word_1_250' title='bbox 310 3438 408 3497; x_wconf 88' lang='lat' dir='ltr'><strong>stratis</strong></span> <span class='ocrx_word' id='word_1_251' title='bbox 430 3455 555 3516; x_wconf 86' lang='lat' dir='ltr'><strong>corpus,</strong></span> <span class='ocrx_word' id='word_1_252' title='bbox 576 3439 725 3517; x_wconf 90' lang='lat' dir='ltr'><strong>tendoque</strong></span> <span class='ocrx_word' id='word_1_253' title='bbox 744 3438 863 3516; x_wconf 91' lang='lat' dir='ltr'><strong>supinas</strong></span> 
     </span>
     <span class='ocr_line' id='line_1_39' title="bbox 121 3518 888 3596; baseline -0.003 -14"><span class='ocrx_word' id='word_1_254' title='bbox 121 3520 159 3582; x_wconf 85' lang='lat' dir='ltr'><strong>ad</strong></span> <span class='ocrx_word' id='word_1_255' title='bbox 180 3518 293 3582; x_wconf 86' lang='lat' dir='ltr'><strong>caelum</strong></span> <span class='ocrx_word' id='word_1_256' title='bbox 317 3536 384 3580; x_wconf 88' lang='lat' dir='ltr'><strong>cum</strong></span> <span class='ocrx_word' id='word_1_257' title='bbox 405 3538 476 3582; x_wconf 81' lang='lat' dir='ltr'><strong>voce</strong></span> <span class='ocrx_word' id='word_1_258' title='bbox 498 3538 616 3596; x_wconf 88' lang='lat' dir='ltr'><strong>manus,</strong></span> <span class='ocrx_word' id='word_1_259' title='bbox 640 3530 669 3584; x_wconf 89' lang='lat' dir='ltr'><strong>et</strong></span> <span class='ocrx_word' id='word_1_260' title='bbox 686 3539 809 3582; x_wconf 88' lang='lat' dir='ltr'><strong>munera</strong></span> <span class='ocrx_word' id='word_1_261' title='bbox 828 3520 888 3581; x_wconf 87' lang='lat' dir='ltr'><strong>libo</strong></span> 
     </span>
    </p>
   </div>
   <div class='ocr_carea' id='block_1_4' title="bbox 0 0 1260 4096">
    <p class='ocr_par' dir='ltr' id='par_1_36' title="bbox 0 0 1260 4096">
     <span class='ocr_line' id='line_1_40' title="bbox 0 0 1260 4096; baseline 0 1"><span class='ocrx_word' id='word_1_262' title='bbox 0 0 1260 4096; x_wconf 95' lang='lat' dir='ltr'><strong> </strong></span> 
     </span>
    </p>
   </div>
  </div>
 </body>
</html>
