2504 4094
408 283 552 332 veneror
573 281 775 331 eucnemon
796 284 809 330 r
1069 269 1110 333 ³7

106 436 321 517 arboribusque
342 438 469 516 satisque
491 445 577 497 notus
597 438 756 515 pecorique
777 438 902 498 sinister.

106 528 156 583 aut
177 520 228 581 ubi
249 519 304 582 sub
325 519 422 582 lucem
444 521 534 582 densa
555 521 631 581 inter
652 519 751 581 nubila
772 537 837 581 sese

107 605 214 665 diversi
236 611 374 682 rumpent
394 604 484 673 radii,
507 611 558 664 aut
577 602 629 665 ubi
650 603 756 682 pallida
777 612 879 680 surget

106 687 223 748 Tithoni
245 706 382 749 croceum
404 687 539 766 linquens
559 687 673 747 Aurora
695 685 800 756 cubile,

106 771 165 832 heu
186 769 261 831 male
283 778 346 833 tum
367 773 444 831 mitis
466 770 603 831 delendet
623 771 778 847 pampinus
799 787 884 830 uvas:

106 862 165 915 tam
187 854 278 915 multa
299 857 329 914 iu
351 855 435 915 tectis
456 856 602 932 crepitans
624 852 689 913 salit
710 852 831 913 horrida
851 854 973 924 grando.

105 939 163 998 hoc
186 939 287 1007 etiam,
312 955 431 999 emenso
453 956 521 999 cum
542 939 600 999 iam
622 936 737 998 decedit
758 935 889 1014 Olympo,

105 1020 252 1098 profuerit
273 1022 439 1083 meminisse
460 1023 567 1099 magis3
590 1038 659 1080 nam
680 1036 769 1097 saepe
790 1020 920 1082 ridemus

106 1106 198 1182 ipsius
220 1106 249 1164 in
271 1104 350 1166 voltu
372 1106 466 1166 varios
488 1121 589 1166 errare
612 1103 741 1164 colores:

108 1187 262 1248 caeruleus
283 1187 409 1265 pluriam
431 1189 597 1257 denuntiat,
620 1189 725 1264 igneus
747 1204 849 1255 euros;

108 1270 154 1329 sin
177 1269 309 1331 maculae
330 1272 469 1347 incipient
489 1271 576 1331 rutilo
597 1271 780 1331 inmiscerier
800 1271 869 1345 igni,

109 1354 206 1413 omnia
229 1360 290 1413 tum
312 1355 421 1430 pariter
442 1361 528 1415 vento
549 1354 714 1432 nimbisque
735 1351 846 1413 videbis

107 1435 233 1496 fervere.
270 1454 330 1496 non
352 1435 399 1497 illa
422 1438 576 1516 quisquam
596 1455 644 1496 me
666 1443 752 1504 nocte
773 1453 827 1513 per
848 1435 937 1498 altum

106 1521 152 1580 ire
173 1537 269 1597 neque
291 1539 307 1580 a
328 1527 408 1580 terra
430 1526 545 1581 moreat
565 1518 730 1580 convellere
751 1519 860 1580 funem.

107 1609 138 1664 at
159 1604 201 1672 si,
225 1621 291 1663 cum
312 1603 480 1682 referetque
502 1603 580 1665 diem
602 1603 765 1681 condetque
787 1601 919 1674 relatum,

108 1686 223 1746 meidus
245 1686 324 1747 orbis
347 1688 416 1756 erit,
439 1687 549 1748 frustra
571 1685 722 1748 terrebere
743 1685 858 1754 nimbis,

107 1778 137 1830 et
160 1769 239 1830 claro
261 1770 345 1831 silvas
367 1788 471 1832 cernes
492 1770 627 1849 aquilone
648 1771 768 1831 moveri.

108 1852 235 1932 denique
257 1855 325 1932 quid
346 1872 452 1934 vesper
473 1872 557 1915 serus
579 1854 678 1923 vehat,
701 1853 780 1914 unde
801 1869 919 1913 serenas

109 1943 212 1997 ventus
233 1945 300 2014 agat
319 1938 429 2008 nubes,
452 1939 521 2016 quid
543 1939 651 2014 cogitet
671 1936 788 1997 umidus
809 1941 916 2004 auster,

107 2019 152 2080 sol
172 2019 226 2080 tibi
247 2022 329 2097 signa
351 2020 439 2082 dabit.
477 2019 575 2082 Solem
597 2021 662 2099 quis
684 2019 782 2079 dicere
804 2016 908 2078 laisum

108 2103 231 2164 audenti
267 2102 315 2165 ille
337 2105 423 2164 etiam
446 2121 549 2164 caecos
569 2106 680 2163 instare
700 2099 843 2160 tumultus

107 2202 197 2262 saepe
218 2194 318 2247 monet
340 2185 532 2263 fraudemque
554 2192 584 2245 et
605 2188 706 2261 operta
728 2188 892 2242 tumescere
912 2180 997 2243 bella.
1061 2194 1113 2250 465

107 2267 157 2328 ille
180 2269 266 2327 etiam
289 2269 416 2329 extincto
437 2269 592 2327 miseratus
613 2265 737 2327 Caesare
757 2264 889 2334 Romam,

108 2369 178 2411 cum
201 2358 287 2427 caput
309 2349 435 2410 obscura
456 2350 581 2410 nitidum
601 2349 750 2426 ferrugine
771 2350 851 2416 texit,

108 2435 256 2511 impiaque
278 2439 427 2495 aeternam
448 2435 609 2494 timuerunt
630 2432 745 2494 saecula
766 2438 892 2493 noctem.

108 2525 243 2593 ternpore
265 2535 441 2595 quamquam
462 2517 512 2577 illo
533 2516 618 2578 tellus
641 2535 758 2595 quoque
779 2522 809 2577 et
830 2534 957 2596 aequora
979 2518 1061 2597 ponti

108 2599 313 2679 obscenaeque
335 2619 423 2662 canes
444 2602 687 2680 importunaeque
708 2599 842 2661 volucres
1062 2611 1113 2667 lic

107 2685 191 2761 signa
213 2684 329 2744 dabant.
375 2687 509 2764 quotiens
530 2683 688 2764 Cyclopum
710 2685 850 2745 effervere
871 2685 901 2744 in
922 2703 1009 2763 agros

107 2768 232 2828 vidimus
253 2768 411 2829 undantem
433 2770 527 2846 ruptis
548 2767 716 2830 fornacibus
736 2768 867 2833 Aetnam.

107 2852 354 2929 flammarumque
375 2851 478 2930 globos
498 2852 713 2931 liquefactaque
734 2849 850 2911 volvere
871 2853 956 2912 sexa!

107 2953 260 2995 armorum
282 2937 409 2995 sonitum
429 2941 491 2994 toto
513 2936 668 2997 Germania
691 2933 771 2994 eaelo

106 3019 212 3086 audiit,
237 3016 359 3078 insolitis
380 3025 566 3078 tremuerunt
586 3017 714 3078 motibus
735 3015 831 3094 Alpes.
1062 3025 1113 3082 475

105 3120 163 3162 vox
186 3120 303 3181 quoque
324 3118 378 3179 per
399 3101 482 3162 lucos
504 3100 589 3177 volgo
611 3100 743 3161 exaudita
766 3098 874 3159 silentis

106 3187 230 3264 ingens,
253 3192 282 3246 et
303 3183 458 3246 simulacra
482 3185 575 3245 modis
595 3183 733 3262 pallentia
755 3183 836 3243 miris

105 3271 167 3331 visa
189 3268 244 3330 sub
268 3269 427 3331 obscurum
448 3269 555 3338 noctis,
579 3269 765 3346 pecudesque
787 3266 911 3345 locutae,

102 3352 287 3432 (infanduml)
297 3354 403 3415 sistunt
421 3370 522 3413 amnes
543 3360 699 3431 terraeque
722 3350 884 3420 dehiscunt,

106 3444 136 3499 et
157 3442 302 3497 maestum
323 3437 486 3499 inlacrimat
508 3435 622 3514 templis
644 3436 719 3497 ebur
740 3451 868 3511 aeraque
888 3433 1003 3494 sudant.
1062 3439 1114 3494 480

104 3520 217 3600 proluit
237 3519 340 3580 insano
362 3527 560 3598 contorquens
581 3522 689 3580 vertice
711 3518 795 3579 silvas
