2512 4096
205 256 267 316 254
481 259 496 287 ⁹
525 265 668 314 vunnim
683 266 808 315 anunm
828 267 890 313 vni

209 432 271 486 rota
293 430 374 485 metu
398 421 548 502 duplicant
563 428 681 490 matres,
704 423 885 504 propiusque
907 422 1018 501 periero

205 509 227 569 it
246 506 342 578 timor,
365 514 395 569 et
414 508 507 568 maior
530 507 630 567 llartis
652 507 710 566 iam
729 514 852 586 apparet
875 509 981 584 imago.

181 602 268 653 -tum
284 597 369 670 pater
391 590 546 652 Euandrus
568 591 700 651 dextram
723 590 893 670 complexus
915 591 1010 651 euntis
1064 600 1068 607 ‘

206 675 316 748 haeret,
339 673 503 753 inexpletus
525 673 691 746 lacrimans,
714 692 748 735 ao
770 673 837 736 talia
859 675 950 736 latur:

207 769 239 819 ‘o
259 759 331 820 mihi
351 759 526 838 praeteritos
546 758 656 820 reserat
678 758 702 819 si
724 759 855 838 luppiter
875 776 976 829 annos,

180 906 183 913 ,
207 843 299 924 qualis
321 861 412 912 eram,
436 843 648 922 comprimam
672 844 765 904 aciem
787 843 945 906 Praeneste
966 843 1021 904 sub
1042 846 1108 922 ipsa

206 928 295 988 stravi
312 934 523 1007 scutorumque
545 927 664 988 incendi
684 927 777 987 vietor
799 944 919 989 acervos

208 1020 236 1074 et
258 1027 361 1088 regem
382 1011 438 1072 hac
458 1009 581 1088 Erulum
604 1011 706 1071 dextra
726 1010 781 1071 sub
802 1010 924 1073 Tartara
947 1013 1022 1080 misi,

207 1097 337 1157 nascenti
359 1096 406 1156 oui
427 1096 481 1155 tris
502 1095 613 1155 animas
634 1095 759 1155 Feronia
781 1102 875 1157 mater

207 1179 400 1260 (horrendum
417 1179 509 1254 dictu)
528 1178 649 1240 dederat
667 1179 760 1258 (terna
781 1197 862 1240 arma
884 1180 1036 1250 movenda,

207 1272 252 1326 ter
274 1264 346 1326 Leto
368 1263 543 1326 sternendus
564 1269 641 1330 erat;
665 1264 713 1323 oui
734 1270 798 1324 tum
821 1271 918 1324 tamen
939 1265 1033 1324 omnis

207 1347 326 1408 abstulit
345 1347 418 1409 haec
440 1347 551 1408 animas
574 1347 676 1407 dextra
699 1355 727 1407 et
749 1347 868 1408 totidem
889 1349 968 1409 exuit
990 1350 1107 1427 armis):

207 1449 266 1490 non
289 1448 343 1509 ego
363 1448 442 1492 nuno
464 1429 542 1491 dulci
562 1428 700 1510 amplexu
723 1430 875 1493 divellerer
899 1449 1031 1510 usquam,

208 1522 284 1586 nate,
307 1521 367 1584 tuo,
390 1532 487 1594 neque
507 1514 647 1575 finitimos
668 1514 826 1577 Mezentius
846 1534 986 1596 umquam

208 1598 277 1659 huic
297 1600 384 1678 capiti
404 1597 552 1659 insultans.
569 1601 613 1659 tot
635 1600 715 1661 ferro
738 1617 823 1661 saeva
845 1600 971 1660 dedisset

209 1683 319 1752 lunera,
342 1689 401 1743 tam
423 1680 523 1743 multis
541 1683 687 1745 viduasset
708 1683 816 1744 civibus
838 1683 952 1745 urbem.

207 1773 236 1826 at
256 1783 316 1836 ros,
340 1783 357 1824 ο
379 1767 487 1845 superi,
512 1774 541 1827 et
562 1767 659 1828 divom
683 1774 714 1828 tu
733 1785 869 1829 maxume
891 1774 989 1827 rector

205 1851 346 1929 luppiter,
366 1849 491 1920 Arcadii,
513 1868 631 1930 quaeso,
654 1852 833 1916 miserescite
851 1853 930 1930 regis

207 1942 236 1995 et
258 1936 368 2012 patrias
391 1934 488 1996 audite
505 1953 620 2014 preces.
655 1936 680 1995 si
703 1935 823 1996 numina
844 1942 940 1996 vestra

207 2016 385 2079 ineolumem
407 2017 537 2079 Pallanta
557 2018 638 2089 mihi,
660 2019 686 2080 si
707 2017 766 2079 iata
784 2026 945 2087 reservant,

206 2103 230 2162 si
251 2102 365 2163 usurus
386 2120 454 2163 eum
476 2104 541 2163 rivo
565 2109 594 2164 et
615 2109 756 2186 uenturus
776 2104 808 2164 in
830 2121 934 2164 unum:

207 2187 292 2247 vitam
314 2204 376 2258 oro,
399 2188 496 2265 patior
515 2187 646 2267 quemvis
663 2187 771 2249 durare
789 2187 931 2249 laborem.

207 2271 252 2329 sin
273 2268 401 2350 aliquem
423 2271 577 2332 infandum
595 2289 705 2342 casum,
730 2271 868 2341 Fortuna,
892 2269 1026 2331 minaris:

207 2370 294 2423 nuno,
319 2372 431 2416 cnunc
451 2353 539 2417 liceat
559 2354 709 2417 crudelem
730 2354 907 2435 abrumpere
927 2357 1022 2423 vitam,

208 2437 277 2498 dum
295 2455 383 2500 curae
402 2437 566 2518 ambiguae,
589 2439 659 2500 dum
681 2456 749 2518 spes
769 2441 880 2501 mcerta
903 2439 1001 2508 loturi,

208 2521 276 2582 dum
299 2528 336 2593 te,
359 2540 428 2583 care
448 2540 533 2602 puer,
556 2540 621 2583 mea
639 2539 705 2583 sera
726 2531 754 2583 et
775 2522 836 2583 sola
857 2520 999 2601 voluptas,

208 2604 360 2685 complexu
383 2614 478 2674 teneo,
500 2607 616 2682 gravior
636 2624 695 2666 neu
716 2607 836 2668 nuntius
856 2607 935 2666 auris

208 2687 357 2750 solueret!
391 2689 465 2750 haee
487 2689 603 2764 genitor
625 2688 760 2765 digressu
783 2689 859 2749 diota
880 2706 1021 2766 supremo

208 2771 361 2834 tundebat:
384 2769 486 2832 famuli
506 2769 677 2850 conlapsum
694 2773 725 2832 in
744 2778 821 2833 tecta
844 2770 986 2834 ferebant.

247 2855 368 2934 Iamque
388 2853 461 2916 adeo
481 2853 592 2914 exierat
611 2855 704 2934 portis
725 2856 870 2934 equitatus
891 2857 1009 2934 apertis,

208 2942 318 3000 leneas
339 2939 416 2999 inter
437 2938 549 3015 primos
573 2944 603 2999 et
622 2939 697 3001 fidus
718 2939 852 3010 Achates,

207 3023 274 3083 inde
296 3021 344 3084 alii
362 3021 469 3082 Troiae
490 3038 639 3100 proceres,
661 3025 726 3105 ipse
748 3027 864 3103 agmine
883 3023 977 3086 Pallas

207 3108 235 3167 in
254 3106 360 3176 medio,
380 3104 532 3186 chlamyde
552 3113 581 3168 et
603 3106 689 3186 pictis
710 3119 884 3188 conspectus
903 3109 932 3167 in
955 3108 1059 3167 armis:

208 3189 299 3270 qualis
320 3189 373 3252 ubi
395 3188 504 3251 Oceani
523 3189 661 3268 perinsus
678 3192 795 3252 Lucifer
814 3192 902 3260 unda,

208 3292 295 3353 quem
316 3275 414 3336 Venus
436 3281 503 3336 ante
525 3271 597 3334 alios
619 3282 766 3336 astrorum
789 3273 882 3351 diligit
903 3275 987 3350 ignis,

208 3358 309 3420 extulit
328 3377 361 3420 os
381 3376 499 3420 sacrum
517 3357 598 3419 caelo
617 3357 813 3436 tenebrasque
831 3357 959 3419 resolvit.

208 3449 283 3505 stant
304 3444 425 3523 pavidae
445 3444 475 3503 in
493 3441 586 3502 muris
602 3449 710 3502 matres
733 3440 883 3522 oculisque
905 3449 1046 3504 secuntur

208 3527 375 3608 pulveream
395 3526 505 3588 nubem
525 3530 554 3585 et
571 3524 708 3603 fulgentis
728 3543 796 3588 aere
819 3534 957 3589 catervas.
