2512 4096
181 233 241 296 214
509 245 653 293 ventum
675 245 801 295 sunnis
824 246 860 294 vr

181 405 286 464 missus
308 403 338 462 in
360 401 514 479 imperinm
534 418 682 478 magnum.
726 402 795 478 quoi
817 400 921 462 deinde
943 400 1052 462 subibit

180 488 238 546 otia
260 487 310 563 qui
331 490 448 563 rumpet
463 485 575 563 patriae
596 483 765 562 residesque
781 482 908 545 movebit

180 568 282 631 Tullus
302 571 333 629 in
356 587 437 630 arma
458 568 537 628 n'ros
558 574 588 628 et
604 569 662 628 iam
684 566 804 628 desueta
826 569 981 648 triumphis

179 654 305 730 agmina.
350 671 436 731 quem
459 653 538 713 iuxta
557 651 689 730 sequitur
706 652 859 713 iactantior
879 653 990 721 Ancus,
1148 665 1201 720 315

153 738 157 747 '
179 755 259 798 nunc
281 754 398 816 quoque
421 738 478 797 iam
499 736 623 796 nimium
645 734 775 814 gaudens
797 735 989 814 popularibus
1011 738 1099 797 auris.

181 822 221 881 vis
242 827 271 882 et
289 821 465 898 Tarquinios
485 837 572 897 reges
590 820 776 898 animamque
799 818 957 899 superbam

179 903 283 966 ultoris
304 904 389 966 Bruti
411 905 564 982 fascesque
585 903 684 964 videre
706 903 859 982 receptos!

179 989 307 1050 consulis
327 989 485 1066 imperium
508 987 556 1048 hic
576 989 688 1065 primus
711 1004 868 1066 saevasque
890 1005 1009 1050 secures

178 1074 315 1151 accipiet,
338 1080 482 1151 natosque
503 1079 586 1150 pater
605 1089 679 1132 noua
700 1070 775 1132 bella
796 1073 939 1133 moventis
1147 1084 1200 1138 820

178 1157 214 1217 ad
234 1174 361 1234 poenam
383 1155 506 1234 pulchra
527 1173 582 1233 pro
603 1154 736 1216 libertate
757 1155 886 1226 vocabit,

179 1240 289 1303 infelix.
330 1250 490 1318 utcumque
512 1238 609 1300 ferent
631 1257 664 1300 ea
687 1238 762 1300 facta
784 1241 927 1308 minores,

177 1326 275 1386 vincet
296 1343 379 1385 emor
401 1325 513 1403 patriae
534 1322 712 1402 laudumque
733 1324 864 1384 inmensa
886 1323 1000 1402 cupido.

178 1410 248 1486 quin
269 1408 374 1470 Decios
393 1409 563 1486 Drusosque
584 1406 688 1486 procul
707 1425 884 1487 saevomque
905 1408 1001 1468 securi

178 1491 276 1569 aspice
296 1492 479 1570 Torquatum
503 1499 531 1553 et
552 1492 731 1553 referentem
749 1492 832 1568 signa
856 1488 1016 1553 Camillum.
1146 1503 1200 1556 825

176 1573 225 1635 ille
246 1575 425 1653 triumphata
446 1574 585 1653 (lapitoha
607 1574 644 1636 ad
667 1574 724 1636 alta
747 1574 887 1635 Corintho
1147 1587 1200 1641 836

176 1658 269 1718 uictor
287 1667 353 1736 aget
375 1675 512 1727 currum,
536 1660 628 1718 caesis
646 1659 766 1735 insignis
788 1658 912 1719 Achivis.

178 1751 262 1803 eruet
281 1741 330 1803 ille
350 1741 444 1821 Argos
466 1742 768 1820 Agamemnoniasque
789 1742 924 1821 Mycenas

177 1828 332 1905 ipsumque
350 1825 512 1895 Aeaciden,
535 1841 627 1903 genus
648 1825 850 1903 armipotentis
870 1824 987 1893 Achilli,

176 1909 253 1970 ultus
276 1926 345 1970 avos
366 1909 473 1970 Troiae
490 1907 599 1987 templa
620 1915 650 1970 et
670 1915 811 1969 temerata
830 1909 987 1969 Minervae.
1145 1921 1200 1978 eto

176 1995 241 2072 quis
263 2003 307 2065 te,
329 2009 436 2071 magne
459 1993 543 2062 Cato,
568 1993 687 2054 tacitum
709 1999 759 2055 aut
781 2001 824 2063 te,
848 1992 951 2061 Cosse,
971 1992 1137 2071 relinquat·

176 2079 241 2156 quis
264 2077 390 2138 Gracchi
412 2095 504 2156 genus
524 2085 574 2137 aut
595 2077 741 2156 geminos,
763 2076 822 2138 duo
845 2076 964 2138 fulmina
983 2076 1069 2146 belli,
1162 2099 1169 2108 ³

176 2161 340 2239 Scipiadas,
366 2160 478 2223 cladem
500 2160 623 2241 Libyae,
646 2178 796 2240 parvoque
817 2168 967 2239 potentem

175 2244 343 2307 Fabricium
366 2244 411 2306 vel
433 2254 462 2306 te
484 2245 580 2315 sulco,
604 2245 746 2315 Serrano,
770 2246 934 2307 serentem?

112 2332 117 2340 '
175 2346 233 2406 quo
257 2329 367 2391 fossum
389 2330 504 2408 rapitis,
528 2328 630 2390 Fabiii
648 2337 702 2391 tun
724 2330 867 2391 blaximus
889 2327 937 2390 illo
959 2346 1004 2398 es,
1144 2343 1197 2396 845

173 2429 251 2472 unus
269 2414 319 2491 qui
339 2411 424 2473 nobis
447 2413 612 2474 cunctando
634 2415 763 2475 restituis
784 2414 866 2474 remi

174 2496 320 2558 excudent
339 2495 386 2556 alii
410 2498 548 2572 spirantia
570 2495 686 2557 mollius
708 2515 777 2558 aera

169 2578 254 2656 (cedo
284 2579 446 2659 equidem),
480 2581 560 2639 ticos
582 2581 690 2640 ducent
712 2580 748 2640 de
770 2598 918 2642 marmore
940 2580 1049 2651 voltus,

174 2662 301 2725 orabunt
321 2680 424 2724 causas
446 2662 565 2732 melius,
587 2662 718 2741 caelique
741 2671 854 2725 meatus

173 2745 341 2808 describent
361 2746 443 2807 radio
467 2756 495 2807 et
516 2747 663 2824 surgentia
686 2746 781 2808 sidera
798 2748 910 2808 dicent:
1142 2761 1195 2816 850

172 2837 204 2890 tu
226 2848 331 2910 regere
351 2830 475 2909 imperio
494 2830 633 2910 populos,
656 2829 802 2902 Romane,
825 2840 972 2892 memento

173 2913 260 2993 (haec
280 2913 333 2976 tibi
356 2922 442 2976 erunt
464 2917 551 2996 artes)
574 2916 698 2994 pacique
719 2918 862 2994 inponere
884 2933 1015 2986 morem,

171 3015 296 3077 parcere
317 2997 456 3060 subiectis
479 3007 509 3062 et
528 2998 676 3061 debellare
698 2999 867 3079 superbos.r

214 3082 263 3143 Sic
282 3091 366 3162 pater
387 3084 543 3155 Anchises,
568 3092 654 3164 atque
676 3084 750 3146 haec
766 3084 941 3147 mirantibus
963 3082 1056 3144 addit:

172 3167 301 3244 ‘aspice,
322 3173 356 3227 ut
375 3168 496 3247 insignis
518 3168 618 3248 spohis
639 3168 793 3231 blarcellus
816 3169 920 3248 opimis
1122 3178 1191 3232 v855

171 3249 335 3327 ingreditur
356 3251 508 3331 victorque
526 3253 605 3313 viros
623 3256 836 3330 supereminet
856 3252 960 3311 omnis.

171 3332 219 3393 hic
240 3350 304 3395 rem
326 3333 488 3397 Romanam
509 3353 617 3414 magno
634 3334 773 3397 turbante
792 3333 918 3396 tumultu

171 3416 267 3488 cistet,
290 3435 380 3497 eques
402 3426 512 3480 sternet
531 3420 645 3481 Poenos
665 3417 837 3500 Gallumque
859 3417 1014 3487 rebellem,
