2512 4096
404 242 409 279 ²
466 277 586 325 vunnu
626 276 748 323 uuume
765 277 802 322 xr

134 433 208 492 ‘mter
228 447 260 490 se
281 432 376 508 capita
396 438 425 491 et
445 431 578 490 manibus
603 428 659 487 iam
680 437 812 506 tangeret
830 431 940 509 aequis,

133 515 211 575 laeva
233 513 325 573 aciem
350 515 428 582 ierri,
452 514 554 574 dextra
575 528 722 589 uerusque
740 510 886 589 papillam.

133 594 276 673 extemplo
297 593 349 655 teli
372 597 527 657 stridorem
546 615 563 656 a
586 611 692 671 resque
710 595 839 654 sonantis

132 679 221 740 audiit
241 696 298 738 una
318 681 439 748 Arruns,
461 679 613 757 haesitque
634 678 808 752 incorpore
829 677 948 738 serrum.

131 761 213 821 illum
233 763 415 838 expirantem
437 764 508 822 socii
526 771 614 840 atque
635 765 765 819 extrema
786 769 950 838 gementem
1084 768 1133 820 865

130 843 211 904 obliti
228 845 330 921 ignoto
349 862 519 923 camporum
541 847 570 904 in
592 840 712 919 pulvere
730 842 850 911 lincunt,

129 925 200 1004 Opis
218 926 255 986 ad
279 927 441 988 aetherium
460 929 555 1006 pinnis
576 924 709 987 aufertur
732 924 896 1004 Olympum.

174 1009 271 1069 Prima
294 1011 368 1087 fugit
389 1010 505 1070 domina
524 1011 628 1071 amima
648 1007 719 1070 levis
740 1007 785 1069 ala
806 1007 955 1073 Camillae:

129 1091 238 1151 turbati
262 1093 377 1168 lugiunt
397 1092 506 1160 Rutuli,
528 1094 600 1170 iugit
621 1108 690 1151 acer
708 1092 808 1151 Atinas
912 1109 916 1114 ’

129 1174 301 1251 disiectique
323 1176 413 1235 duces
433 1176 614 1252 desolatique
634 1172 754 1250 manipli
1083 1182 1134 1232 870
1233 1225 1235 1231 .

128 1264 189 1317 tuta
208 1262 314 1332 petunt
332 1265 361 1317 et
383 1259 465 1334 equis
484 1260 577 1317 aversi
598 1255 635 1315 ad
656 1258 770 1315 moenia
787 1256 918 1316 tendunt.

129 1356 184 1399 nec
202 1341 359 1417 quisquam
380 1340 512 1400 instantis
531 1340 661 1399 Teucros
682 1338 830 1416 letumque
853 1339 971 1399 ferentis

128 1430 292 1482 sustentare
313 1421 388 1483 valet
405 1422 470 1482 telis
488 1431 537 1482 aut
559 1421 661 1480 sistere
683 1427 793 1489 contra,

127 1504 179 1563 sed
201 1503 282 1565 laxos
306 1505 439 1566 referunt
460 1506 570 1566 umeris
590 1503 796 1580 languentibus
818 1523 912 1571 arcus,

128 1586 411 1666 quadrupedumque
432 1595 548 1665 putrem
569 1603 658 1648 cursu
677 1587 769 1665 quatit
786 1586 894 1665 ungule
914 1605 1055 1665 campum.
1082 1593 1134 1645 875

127 1666 248 1728 volvitur
270 1669 306 1730 ad
330 1687 432 1730 muros
450 1669 572 1747 caligine
593 1668 729 1731 turbidus
750 1677 813 1729 atra

126 1749 227 1828 pulvis,
247 1759 277 1812 et
298 1769 315 1812 e
338 1751 464 1831 speculis
485 1771 642 1831 percussae
664 1759 783 1828 pectora
806 1760 914 1813 matres

127 1835 286 1895 femineum
310 1835 468 1896 clamorem
488 1836 525 1896 ad
547 1837 619 1897 caeli
642 1834 738 1895 sidera
756 1833 871 1894 tollunt.

126 1919 177 1994 qui
197 1934 286 1989 cursu
311 1926 412 1997 portas
433 1919 522 1997 primi
542 1920 683 1996 inrupere
702 1919 836 1993 patentis,

125 1999 179 2058 laos
202 2000 317 2059 inimica
337 2017 425 2076 super
447 2002 537 2059 mixto
560 2000 668 2076 premit
690 1999 806 2073 agmine
824 1999 927 2066 turba:
1081 2004 1132 2056 88⁰

126 2097 182 2140 nec
200 2082 338 2140 miseram
361 2081 503 2155 effugiunt
524 2091 659 2144 mortem,
679 2081 730 2139 sed
753 2080 852 2140 limine
875 2082 996 2158 inipso,

127 2161 280 2222 moenibus
299 2165 329 2221 in
352 2164 455 2239 patriis
475 2171 562 2240 atque
584 2166 661 2222 inter
681 2168 742 2220 tuta
759 2162 914 2222 domorum

96 2261 98 2264 ’
128 2245 233 2304 confixi
250 2246 385 2323 expirant
403 2245 525 2305 animas.
555 2262 623 2322 pars
644 2241 780 2304 claudere
797 2251 911 2321 portas:

125 2345 180 2387 uec
198 2329 285 2388 sociis
305 2327 421 2405 aperire
442 2327 517 2387 riam
539 2345 595 2387 nec
616 2325 770 2387 moenibus
791 2327 899 2387 audent

126 2410 259 2487 accipere
280 2411 399 2477 orantis,
424 2410 575 2488 oriturque
598 2409 761 2468 miserrima
782 2410 886 2470 caedes
1078 2415 1129 2466 ⁸8³

124 2492 333 2555 defendentum
355 2494 444 2553 armis
463 2493 558 2553 aditus
579 2491 667 2569 inque
690 2509 771 2552 arma
792 2500 937 2553 ruentum.

125 2573 233 2636 exclusi
255 2582 322 2636 autc
343 2574 444 2636 oculos
467 2574 740 2651 lacrumantumque
762 2593 813 2636 ora
836 2587 989 2654 parentum

124 2675 192 2736 pars
211 2659 241 2718 in
264 2660 431 2738 praecipitis
455 2659 549 2720 fossas
571 2664 695 2734 urgente
718 2659 802 2719 ruina

123 2741 254 2811 volvitur,
278 2743 403 2804 inmissis
423 2760 493 2821 pars
513 2759 600 2804 caeca
620 2750 648 2801 et
669 2744 782 2803 concita
801 2743 891 2803 irenis

123 2826 225 2884 arietat
245 2827 275 2885 in
295 2833 395 2905 portas
418 2833 447 2886 et
469 2827 559 2887 duros
582 2822 665 2885 obice
688 2827 788 2903 postis.
1078 2831 1130 2885 89⁰

121 2909 203 2982 ipsae
223 2906 260 2967 de
280 2909 371 2967 muris
393 2926 508 2969 summo
531 2907 690 2969 certamine
710 2915 819 2969 matres

123 2993 276 3069 (monstrat
297 3008 381 3050 amor
403 3007 489 3050 verres
511 2991 631 3066 patriae,
655 2996 688 3049 ut
710 2989 808 3050 videre
827 2989 984 3067 Camillam)

122 3072 180 3134 tela
201 3090 289 3136 mauu
312 3073 442 3151 trepidae
463 3075 571 3134 iaciunt
593 3091 628 3136 ac
650 3071 759 3142 robore
780 3071 854 3132 duro

121 3155 267 3233 stipitibus
287 3156 398 3217 ferrum
420 3156 599 3236 sudibusque
622 3156 771 3225 imitantur
792 3155 904 3215 obustis

122 3240 296 3317 praecipites
319 3241 491 3319 primaeque
512 3242 588 3301 mori
609 3256 664 3317 pro
685 3237 839 3299 moenibus
858 3237 971 3299 ardent.
1077 3245 1129 3298 895

162 3320 277 3384 interea
301 3323 435 3386 Turnum
454 3325 484 3383 iu
503 3323 581 3385 silvis
602 3323 784 3383 saevissimus
803 3321 904 3400 implet

122 3404 248 3473 nuntius,
267 3416 296 3468 et
318 3408 414 3468 iuveni
431 3407 585 3483 ingentem
601 3405 657 3467 lert
677 3406 753 3466 Acca
774 3405 945 3466 tumultum:

122 3484 230 3547 deletas
247 3487 419 3551 Volscorum
442 3491 527 3560 acies,
551 3489 692 3551 cecidisse
714 3487 870 3550 Camillam.
