2512 4096
362 269 364 274 '
406 279 548 326 vunomr
570 279 694 328 anunm
716 281 740 327 v
1018 269 1073 331 187

61 451 149 510 quem
167 432 266 492 docuit
286 431 435 510 multaque
456 433 599 508 insignem
620 433 747 494 reddidit
765 444 828 494 arte
1024 445 1074 499 705

10 559 12 572 .
62 515 128 592 (hac
147 532 289 593 responsa
308 514 396 575 dabat
414 514 458 576 vel
480 533 555 592 quae
575 516 765 593 portenderet
785 519 829 578 ira

60 615 167 674 magna
188 598 275 659 deum
294 597 341 658 vel
354 616 436 676 ,quae
455 599 584 659 latorum
605 608 740 677 posceret
762 601 860 679 ordo),

60 699 145 759 isque
165 682 211 742 his
231 681 351 742 Aenean
372 681 481 742 solatus
504 681 623 742 vocibus
643 682 718 741 infit:

62 772 145 825 ‘nate
166 765 236 834 dea,
256 782 314 843 quo
335 765 392 824 lata
413 764 533 824 trahunt
554 765 767 843 retrahuntque
789 783 961 842 sequamur:

61 848 201 926 quidquid
224 849 293 916 crit,
316 847 482 925 superanda
499 849 597 909 omnis
618 849 734 909 fortuna
757 848 879 910 ferendo
902 859 953 911 est.
1023 861 1073 916 lio

61 937 105 991 est
126 930 178 990 tihi
198 930 365 991 Dardanius
385 931 498 991 divinae
515 933 613 1010 stirpis
630 932 757 993 Acestes

59 1014 139 1076 hunc
161 1032 232 1092 cape
254 1013 381 1075 consiliis
402 1016 517 1075 socium
539 1022 567 1075 et
589 1017 734 1091 coniunge
756 1014 915 1085 volentem,

59 1097 128 1158 huic
150 1097 233 1157 trade
256 1098 369 1158 amissis
391 1107 532 1176 superant
552 1100 603 1177 qui
623 1098 746 1160 navibus
768 1105 798 1160 et
817 1117 890 1177 quos

58 1188 228 1259 pertaesum
248 1182 348 1258 magni
368 1181 477 1259 incepti
496 1199 656 1261 rerumque
676 1190 793 1243 tuarum
816 1193 874 1253 est,

58 1263 274 1342 longaevosque
294 1281 380 1324 senes
402 1283 437 1325 uc
457 1265 549 1325 fessas
567 1283 695 1346 aequore
716 1273 824 1325 matres
861 1294 868 1312 ··
1022 1278 1072 1331 715

60 1355 89 1407 et
110 1347 250 1426 quidquid
271 1355 370 1407 tecum
390 1346 547 1408 muelidum
569 1356 760 1426 metuensque
782 1347 883 1425 pericli
905 1358 948 1410 est

59 1429 170 1506 delige,
193 1440 222 1491 et
241 1430 287 1490 his
308 1430 435 1492 habeant
454 1432 542 1492 torris
561 1433 624 1492 sine
640 1433 756 1492 moenia
774 1431 857 1491 lessi:
984 1435 1007 1480 ⁸

59 1513 165 1574 urbem
186 1513 374 1592 appellabunt
393 1515 538 1592 permisso
559 1517 677 1575 nomine
697 1513 857 1575 Acestem!

101 1596 221 1658 Talibus
238 1598 376 1660 incensus
398 1599 483 1659 dictis
502 1599 625 1660 senioris
646 1600 731 1660 amici

59 1689 123 1741 tum
144 1700 214 1742 vero
235 1683 266 1742 in
285 1701 371 1744 curos
391 1684 488 1744 animo
507 1683 652 1743 diducitur
674 1684 776 1744 omnis.

60 1775 89 1825 et
109 1763 173 1827 Nox
194 1773 257 1826 atra
273 1766 375 1844 polum
394 1767 471 1844 bigis
490 1767 628 1828 subvecta
648 1765 774 1828 tenebat.

59 1849 118 1908 visa
142 1849 247 1910 dehinc
269 1849 350 1911 caelo
371 1851 459 1911 iacies
482 1849 599 1928 delapsa
620 1851 749 1928 parentis

59 1932 201 1993 Anchisae
219 1932 315 1994 subito
334 1933 399 1995 talis
420 1934 571 1993 effundere
590 1950 690 1993 voces:

60 2022 157 2084 mate,
180 2015 251 2074 milri
272 2018 329 2077 vita
352 2015 516 2093 quondam,
536 2016 607 2076 dum
628 2017 685 2076 vita
703 2014 855 2082 manebat,

60 2116 128 2156 care
149 2099 256 2174 magis,
280 2106 362 2167 nate,
386 2097 480 2158 lliaeis
496 2099 629 2158 exercite
648 2097 729 2165 lutis,
1020 2105 1071 2160 lit

61 2181 185 2257 imperio
206 2179 282 2240 lovis
303 2180 362 2239 huc
384 2181 484 2248 renio,
508 2181 558 2257 qui
581 2179 721 2239 classibus
743 2182 841 2255 iguem

58 2263 184 2341 depulit,
206 2271 236 2324 et
257 2261 338 2324 eaelo
358 2263 477 2322 tandem
497 2263 652 2323 irriserntus
672 2262 709 2322 ab
731 2261 793 2323 alto·
813 2271 865 2324 est.
893 2313 896 2321 .

60 2340 187 2408 consiliis
209 2364 296 2423 pare,
317 2364 393 2424 quae
409 2363 488 2406 nune
508 2345 706 2423 ptdcherrima
726 2346 836 2407 Nautes

59 2430 108 2490 dat
129 2430 241 2490 senior:
262 2429 355 2491 lectos
376 2430 509 2499 iuvenes,
529 2429 685 2491 fortissima
707 2430 813 2500 eorda,

59 2513 142 2573 defer
163 2514 193 2572 in
215 2512 334 2574 ltaliam.
378 2529 451 2590 gens
473 2513 654 2593 durantque
678 2532 782 2592 amena
803 2514 882 2575 cultu
1018 2522 1070 2574 leo

59 2595 231 2657 debellanda
251 2597 304 2657 tibi
325 2605 370 2658 est
388 2597 480 2657 Latio.
524 2597 596 2658 llitis
616 2604 719 2659 tamen·
734 2607 801 2659 aute
889 2600 892 2605 ’

57 2679 188 2740 infernas
206 2681 313 2741 accede
330 2680 433 2741 domos
452 2689 484 2742 et
502 2683 616 2742 Auem
637 2699 691 2758 per
712 2681 771 2741 alte

59 2779 234 2840 congressus
253 2770 334 2840 pete,
354 2771 435 2833 unte,
457 2782 548 2825 meos.
591 2783 652 2825 nou
673 2783 720 2826 me
741 2766 829 2842 impia
850 2781 977 2842 namque

58 2845 182 2906 Tartara
202 2845 313 2907 habent
333 2848 431 2907 tristes
451 2847 590 2916 umbrae,
612 2849 665 2908 sed
685 2866 812 2908 amoena·
829 2849 944 2924 piorum

59 2929 181 2990 concilia
199 2929 390 3006 Elysiumque
406 2928 482 2989 cole.
527 2930 587 2990 huc
607 2939 685 2990 sumu
706 2930 814 3008 Silsqlla
1018 2939 1069 2994 735

58 3013 209 3087 nigrarum
228 3011 320 3072 multo
341 3012 488 3088 pecudum
507 3018 537 3072 te
558 3014 700 3088 sangiune
718 3012 815 3073 ducet.

58 3103 121 3154 tum
143 3112 235 3173 genus
257 3111 343 3156 omne
359 3103 443 3155 tuum
464 3103 493 3154 et
513 3113 588 3172 quae
611 3095 716 3155 dantur
737 3097 853 3156 moenia
875 3095 979 3156 disces.

58 3179 174 3256 iamque
192 3178 269 3247 vale;
289 3186 407 3257 torquet
426 3179 539 3239 medios
560 3177 624 3238 Nox
645 3178 743 3240 umida
762 3195 879 3247 cursus,

58 3270 88 3319 et
108 3278 155 3321 me
176 3279 277 3323 saevos
295 3263 379 3340 equis
401 3262 506 3323 Oriens
527 3262 643 3323 adflavit
664 3261 799 3323 anhelis?

58 3343 184 3414 dixerat,
212 3353 242 3404 et
260 3346 356 3406 tenuis
372 3346 450 3423 :fugit
472 3364 525 3407 ceu
546 3346 645 3407 fumus
664 3347 694 3406 in
715 3363 810 3407 auras.
1018 3353 1069 3408 lde

57 3431 170 3488 Aeneas
192 3438 265 3506 ‘quo
288 3428 392 3488 deinde
412 3431 493 3490 ruisi
514 3449 573 3508 quo
594 3427 752 3507 proripisi’
775 3430 882 3509 inquit,

59 3519 163 3590 ‘quem
182 3510 277 3589 iugis?
300 3519 349 3571 aut
371 3513 435 3590 quis
453 3520 482 3572 te
501 3515 611 3574 nostris
630 3512 831 3590 complexibus
851 3510 964 3575 erceti'
