2512 4096
198 272 257 336 180
535 281 678 330 venem
693 279 819 328 annuis
838 280 861 328 v

195 445 258 500 arto
278 436 376 498 locum
401 446 431 498 ct
446 438 532 498 variis
554 435 716 498 adsultibus
736 437 841 497 inritus
859 443 976 514 urguet.

195 521 322 583 ostendit
343 520 477 582 dextram
499 522 655 598 insurgens
672 518 804 580 Entellus
827 528 856 581 et
875 518 932 580 alte

195 604 311 667 extulit:
330 602 380 665 ille
400 607 491 666 ictum
512 607 675 666 venientem
697 620 713 661 a
734 605 844 664 vertice
862 603 945 663 velox

193 688 338 768 praevidit
361 688 508 768 celerique
530 687 646 766 elapsus
667 704 793 764 corpore
816 689 918 754 cessim

194 771 325 833 Entellus
346 774 423 834 vires
442 775 472 832 in
493 778 611 832 ventum
634 769 751 840 effudit,
775 778 804 831 et
821 770 900 831 ultro

194 859 257 933 ipse
278 855 376 933 gravis
398 857 583 934 graviterque
603 854 638 914 ad
660 861 770 914 terram
789 857 922 931 pondere
942 860 1021 913 vasto

195 939 335 1009 concidit,
357 945 391 998 ut
413 939 561 1018 quondam
583 955 652 998 cava
674 938 800 998 concidit
824 945 873 999 aut
895 936 1075 1016 Erymantho

194 1030 245 1082 aut
265 1022 315 1083 lda
337 1023 367 1082 in
390 1040 496 1100 magna
516 1020 665 1082 radicibus
684 1030 767 1082 eruta
788 1024 884 1100 pinus.

195 1110 377 1183 consurgunt
398 1106 500 1167 studiis
522 1105 630 1165 'leucri
652 1113 682 1166 et
702 1102 852 1167 Trinacria
871 1105 965 1185 pubes
974 1108 990 1173 ;·‘

84 1220 87 1227 ·
193 1191 217 1250 it
239 1189 349 1250 clamor
374 1189 469 1259 caelo,
492 1190 665 1268 primusque
686 1191 814 1249 accurrit
834 1191 953 1250 Acestes

194 1290 432 1352 aequaevomquo
454 1272 491 1333 ab
509 1274 599 1333 humo
621 1273 764 1333 miserans
786 1271 889 1332 attollit
909 1274 1044 1333 amicum.

195 1365 225 1416 at
239 1373 299 1414 non
320 1357 452 1417 tardatus
474 1374 544 1418 casu
567 1375 664 1434 neque
683 1357 801 1418 territus
822 1357 911 1417 beros

195 1439 291 1499 acrior
312 1439 348 1499 ad
372 1457 500 1518 pugnam
519 1439 596 1500 redit
617 1458 652 1500 ac
670 1441 729 1499 vim
750 1441 870 1501 suscitat
891 1441 934 1499 ira

195 1526 268 1598 (tum
288 1522 385 1599 pudor
407 1523 538 1584 incendit
556 1525 632 1584 vires
655 1531 684 1583 et
704 1525 821 1583 conscia
841 1523 960 1601 virtus):

193 1604 445 1685 praeeipitemque
466 1607 564 1667 Daren
586 1606 693 1666 ardens
711 1609 771 1685 agit
791 1624 919 1683 aequore
942 1612 1003 1664 toto

195 1705 275 1748 nunc
296 1688 399 1749 dextra
421 1690 605 1768 ingeminans
623 1690 713 1757 ictus,
735 1706 815 1749 nunc
831 1688 879 1748 ille
903 1691 1028 1748 sinistra.

195 1791 251 1835 nec
271 1791 355 1834 mora
378 1790 433 1834 nec
454 1774 589 1850 requies:
613 1789 700 1850 quam
722 1770 812 1832 multa
832 1773 974 1848 grandine
993 1771 1084 1831 nimbi

196 1856 372 1918 culminibus
391 1857 548 1933 crepitant,
571 1857 614 1915 sic
636 1855 734 1915 densis
754 1855 860 1916 ictibus
883 1856 973 1916 beros

195 1940 301 2002 creber
323 1949 449 2019 utraque
471 1957 560 1999 manu
580 1938 676 2018 pulsat
697 1947 852 2018 versatque
871 1940 986 2000 Dareta.

196 2036 258 2084 tum
280 2031 363 2102 pater
380 2024 494 2085 Aeneas
516 2023 679 2101 procedere
700 2021 816 2101 longius
838 2024 896 2083 iras

197 2118 226 2168 et
247 2109 359 2168 saevire
380 2109 484 2168 animis
505 2106 652 2169 Entellum
674 2107 733 2167 bau
754 2124 858 2184 passus
876 2104 1007 2171 acerbis,

196 2191 248 2252 sed
267 2192 356 2253 finem
378 2192 506 2270 inposuit
527 2209 644 2269 pugnae
666 2192 835 2269 fessumque
856 2190 961 2250 Dareta

197 2276 303 2353 eripuit
322 2276 455 2336 mulcens
475 2275 574 2344 dictis,
597 2292 631 2335 ac
652 2275 720 2335 talia
742 2277 834 2335 latur:

197 2358 325 2427 ‘infelix,
348 2379 423 2439 quae
444 2366 522 2419 tanta
545 2360 674 2418 animum
695 2358 839 2418 dementia
863 2356 959 2434 ceplti

196 2459 256 2500 non
277 2444 354 2503 vires
373 2443 445 2504 alias
466 2459 666 2518 conversaque
687 2442 808 2501 numina
829 2441 937 2501 sentis?

197 2525 269 2586 cede
290 2524 371 2587 deo.'
415 2525 545 2602 dixitque
566 2532 596 2584 et
619 2523 731 2601 proelia
752 2542 824 2584 voce
842 2525 967 2583 diremit.

197 2618 241 2669 ast
259 2608 342 2669 illum
362 2609 413 2669 lidi
431 2606 583 2684 aequales,
610 2623 705 2682 genua
723 2623 811 2682 aegra
833 2607 997 2667 trahentem

197 2694 412 2771 iactantemque
432 2697 560 2767 utroque
582 2697 670 2766 caput
692 2707 882 2769 crassumque
904 2708 1041 2751 cruorem

198 2792 249 2835 ore
270 2777 444 2836 eiectantem
466 2773 631 2850 mixtosque
649 2773 679 2831 in
698 2774 839 2850 sanguine
862 2773 976 2844 dentes,

197 2857 309 2918 ducunt
327 2858 364 2919 ad
385 2857 481 2926 navis,
503 2855 675 2934 galeamque
694 2874 853 2937 ensemque
874 2858 967 2917 vocati
1002 2890 1008 2903 ·

197 2942 356 3020 accipiunt,
379 2939 506 3017 palmam
524 2939 638 3000 Entello
659 2947 835 3019 taurumque
856 2941 1010 3002 relincunt.

151 3046 154 3052 ·
196 3024 245 3084 bic
266 3025 374 3094 victor,
396 3042 538 3102 superans
556 3025 660 3085 animis
680 3031 824 3104 tauroque
843 3024 988 3102 superbus

199 3116 281 3169 ‘nate
301 3108 355 3169 dea
377 3110 488 3186 rosque
509 3107 595 3169 baec'
616 3108 710 3186 inquit
731 3110 931 3186 ‘cognoscite
954 3107 1074 3172 Teucri.

197 3199 227 3252 et
247 3191 319 3252 mibi
341 3210 416 3269 quae
438 3194 546 3253 luerint
566 3191 692 3252 iuvenali
711 3192 741 3250 in
758 3208 883 3268 corpore
896 3191 974 3249 vires

198 3281 303 3353 etqua
326 3277 448 3337 servetis
468 3281 637 3336 revocatum
658 3292 674 3332 a
695 3280 790 3333 morte
814 3271 944 3334 Dareta'

197 3359 281 3427 dixit,
307 3364 336 3419 et
356 3360 469 3420 adversi
488 3365 589 3418 contra
611 3357 689 3417 stetit
710 3374 762 3416 ora
782 3356 910 3425 iuvenci,

197 3443 376 3520 (undenum
397 3440 511 3503 astabat
529 3457 661 3518 pugnae,
687 3439 836 3517 durosque
856 3440 977 3500 reducta

196 3525 310 3587 libravit
331 3525 433 3587 dextra
455 3523 550 3584 media
570 3525 646 3584 inter
668 3540 778 3583 cornua
800 3531 930 3591 caestus,
