2512 4096
338 295 370 343 P.
387 294 530 342 vanam
552 293 706 342 nunonis
729 292 918 342 annoanlo.
1073 293 1136 340 xx1

124 462 218 511 tetrum
232 469 293 510 csse
311 454 411 510 iactans
426 453 522 509 stricto
539 468 601 508 eum
618 451 708 526 gladio
729 453 766 507 ita
786 458 946 524 persecutus
968 458 1023 514 cst.
1044 457 1076 507 ut
1089 450 1136 507 ilie

126 536 191 612 iuga
205 535 320 594 suniam
335 552 415 610 aegre
429 528 602 607 inveniret¹).

206 619 307 677 iterum
321 621 407 694 igitur
421 619 550 693 expulsus
564 618 719 694 perfugium
734 635 794 675 oum
805 620 871 682 suis,
887 619 969 675 etiam
983 634 1043 675 cum
1058 625 1135 691 patre

125 711 221 760 nactus
237 704 322 760 estin
337 703 428 759 villuia
443 719 512 776 quae
527 701 633 760 Sironis
646 704 710 761 olim
725 703 822 759 iuerat.
855 702 901 758 ubi
916 709 944 758 et
958 706 1135 776 epiprcmmc

124 787 199 860 quod
212 788 286 844 inter
300 787 428 843 catalecta
447 786 549 862 iegitur
563 789 701 844 decimum
716 787 824 859 scripsit
840 794 867 842 et
888 788 1015 859 eclogam
1030 802 1136 841 nonam

125 879 212 927 ortam
226 886 286 927 csse
301 869 475 944 probabiliter
489 872 630 927 conicitur.
662 888 716 944 qua
730 871 853 926 iniuriam
869 868 920 924 sibi
935 867 1033 925 iactam
1047 869 1135 942 gravi-

124 961 166 1010 ter
180 962 347 1027 conquestus
354 947 377 1024 ²)
392 954 505 1011 laudatis
521 956 600 1010 etiam
620 961 774 1028 poematum
795 953 963 1026 quorundam
984 953 1083 1026 purtim
1102 968 1135 1007 ex

124 1037 262 1094 Theocriti
277 1037 377 1111 idyliiis
389 1037 443 1110 (ΙΙΙ.
456 1037 500 1110 ΙΙΙ)
515 1054 704 1111 expressorum
718 1039 814 1111 partim
824 1035 856 1092 ab
871 1038 930 1110 ipsu
946 1038 974 1094 in
988 1035 1133 1098 fautorum,

124 1121 186 1177 Vari
201 1121 304 1178 scilicet
319 1121 370 1193 (27
381 1117 452 1197 sqq.)
470 1129 498 1178 et
513 1121 648 1179 Octaviani
663 1122 714 1194 (46
721 1120 803 1194 sqq.),
818 1121 951 1176 honorem
966 1121 1135 1176 inventorum

125 1204 258 1266 exordiis,
279 1213 310 1261 ut
330 1204 425 1280 flagitii
444 1207 473 1261 in
488 1213 604 1262 autema
623 1204 773 1263 latronibus
788 1205 923 1260 commissi
944 1204 1058 1277 puderet
1071 1203 1135 1258 nmi-

197 1347 217 1414 ¹)
237 1349 282 1400 Sic
310 1351 369 1402 iere
399 1359 430 1403 ut
458 1354 572 1403 confusa
593 1357 716 1403 veterum
742 1353 901 1404 testimonie
923 1351 1136 1402 conciliarentur

125 1416 203 1468 suasi
225 1416 254 1465 in
276 1417 398 1484 prolegg.
423 1421 446 1472 7.
485 1424 552 1469 ‘cum
573 1421 747 1470 immunitatem
769 1435 887 1485 aprorum
912 1420 1035 1483 Virgilius
1056 1419 1133 1482 impe·

125 1489 231 1539 trassel,
252 1485 284 1534 lle
301 1492 340 1535 eat
357 1493 451 1536 scorta
469 1488 501 1536 de
519 1487 611 1550 sinibw
626 1488 695 1538 inter
712 1503 766 1537 eum
783 1494 808 1537 et
825 1503 883 1549 eos,
906 1488 949 1552 qui
969 1489 995 1535 in
1014 1487 1134 1550 prooeimo

124 1565 203 1614 apros
220 1561 390 1616 acceperant,
409 1569 445 1604 ecc
462 1554 550 1620 quibus
567 1553 694 1604 Clodius
712 1557 811 1620 quidam
828 1556 896 1604 attuit
912 1569 941 1604 se
958 1569 1053 1604 amnem
1069 1554 1135 1602 litem

124 1623 311 1682 amputaturum
328 1622 466 1684 interfecto
487 1622 610 1687 Virgilio,
630 1637 700 1686 quem
714 1631 795 1686 poeta
811 1624 902 1672 stricto
919 1623 1006 1687 plodio
1022 1635 1051 1670 ee
1067 1621 1135 1669 inse-

125 1691 241 1750 quentem
256 1686 324 1750 fugit
342 1690 368 1738 in
386 1688 516 1739 tabernam
527 1689 704 1743 carbonariam
722 1698 747 1740 et
763 1691 882 1754 beneficio
899 1690 1025 1738 institoris
1037 1703 1072 1737 eu
1083 1689 1135 1736 alio

124 1759 200 1816 porte
225 1755 329 1804 emissus
350 1763 465 1806 seruatus
489 1760 548 1807 eet!
576 1755 689 1806 Servius
708 1757 758 1807 ecl.
777 1756 816 1806 lX
836 1758 859 1809 1,
881 1756 1043 1806 Claudium
1065 1768 1135 1803 com-

123 1823 255 1874 memorat
278 1821 365 1874 schol.
384 1824 467 1874 Bern.
485 1824 522 1874 ad
545 1824 597 1873 ecl.
615 1824 656 1873 111
674 1826 707 1874 93
729 1829 758 1875 et
781 1825 810 1873 in
832 1826 993 1888 argumento
1016 1821 1067 1871 ecl.
1086 1820 1134 1883 IX,

123 1885 173 1936 ubi
198 1885 269 1938 haec
294 1887 432 1954 leguntur:
463 1895 537 1941 ‘nam
558 1907 611 1940 cum
633 1892 739 1942 Claudio
761 1893 869 1956 quodam
889 1893 965 1940 milite
989 1904 1136 1939 couuuuuem

123 1968 211 2017 aprum
231 1957 393 2017 possidebat,
416 1974 432 2007 a
456 1975 504 2024 quo
523 1974 608 2022 paene
629 1959 720 2021 sumat
741 1961 867 2015 occisus5’
887 1964 915 2006 et
936 1956 973 2006 ad
994 1970 1020 2005 v.
1039 1957 1055 2003 2
1077 1955 1133 2002 hisi

124 2021 250 2080 ‘aduena
269 2023 298 2073 id
314 2031 353 2073 est
365 2025 498 2084 Claudius,
518 2041 568 2076 non
579 2031 606 2075 ut
623 2027 669 2075 aiii
684 2027 779 2074 Varum
790 2028 829 2074 uel
845 2026 949 2072 Arrium
966 2023 1136 2070 centurionem

123 2089 237 2138 dicunt*
261 2088 294 2140 da
316 2091 449 2143 Miltena
475 2093 599 2143 Torone
622 2092 701 2142 locus
719 2096 762 2141 est
779 2091 864 2140 Probi
881 2105 907 2152 p.
924 2090 940 2137 6
957 2090 990 2138 Κ.
1011 2087 1067 2136 hio:

124 2157 279 2218 ‘promeruit
296 2165 324 2207 ut
340 2174 418 2222 apros
434 2175 494 2209 suos
511 2162 652 2222 reciperet,
677 2165 703 2207 et
726 2173 755 2207 eo
775 2158 847 2218 sacto
872 2158 1045 2206 conutooerat
1064 2156 1090 2205 iu
1106 2170 1135 2205 ae

123 2226 350 2283 veterascentem
370 2234 399 2275 ut
409 2242 426 2274 o
438 2226 544 2275 Mitieno
560 2225 661 2275 Torone
670 2225 748 2287 primi
766 2225 826 2273 ilari
840 2225 970 2286 posuerit
986 2223 1136 2286 interfectus

124 2289 175 2338 uisi
187 2288 310 2352 fugisset,
328 2297 356 2340 ut
373 2298 531 2341 contestatur
547 2293 602 2354 ipse
621 2307 673 2340 cum
691 2294 728 2340 ait
746 2240 810 2354 feel.
822 2289 863 2340 IX
876 2285 1016 2355 14-16].’
1039 2289 1135 2340 Arrii

126 2356 294 2405 centurionis
305 2357 437 2421 impetum
449 2357 548 2408 reduce
561 2359 648 2408 Roma
661 2357 782 2422 Vergilio
795 2358 899 2408 factum
912 2357 995 2419 falso,
1014 2362 1045 2407 ut
1057 2360 1133 2421 puto,

124 2426 222 2472 narrat
240 2421 353 2474 Servius
373 2424 402 2474 in
424 2426 513 2490 praei.
534 2425 623 2476 bucol.
642 2430 664 2475 Ι.
677 2461 704 2476 ..
722 2429 812 2475 meruit
828 2434 855 2475 ut
877 2441 965 2489 aprum
981 2440 1051 2474 suum
1066 2427 1135 2475 solus

123 2490 262 2552 reciperet.
298 2494 334 2542 ad
350 2507 421 2556 queue
438 2494 613 2557 accipiendum
627 2494 759 2557 profectus
777 2493 808 2543 ab
820 2493 901 2543 Arrio
919 2494 1073 2549 centurione.
1091 2493 1135 2557 qui

124 2573 179 2608 eum
197 2557 311 2617 tenebat,
326 2575 411 2623 paene
423 2568 463 2610 est
473 2562 630 2620 interemtus,
649 2564 698 2611 nisi
708 2577 737 2610 se
748 2562 946 2624 praecipitasset
957 2563 983 2609 in
994 2560 1134 2609 Mincium)

126 2623 163 2675 ci.
180 2623 254 2674 idem
272 2625 308 2675 ad
331 2627 383 2678 acl.
400 2627 443 2678 ΙΙΙ
461 2630 494 2678 et
510 2628 551 2678 lX
570 2631 592 2679 1.
611 2632 651 2680 23.
687 2628 737 2678 sed
754 2628 790 2678 ad
813 2629 931 2694 priorem
950 2641 1043 2676 oasam
1060 2640 1135 2691 spec·

124 2695 188 2740 tant
200 2706 270 2755 quae
279 2693 406 2754 Donatus
417 2695 445 2744 in
456 2696 542 2761 praei.
555 2696 644 2749 bucol.
657 2697 714 2756 §63
724 2695 819 2745 habet:
840 2697 897 2745 ‘sed
909 2695 1037 2758 Vergilius
1045 2698 1134 2744 merito

123 2760 1136 2890 {tt‘ttttttttttittltttttttttttttt“titttttttit

124 2892 246 2948 admoti,
268 2908 369 2958 cumque
390 2910 419 2945 se
441 2898 467 2945 in
487 2898 576 2960 sugam
596 2897 768 2961 proripuisset
787 2904 881 2960 poeta,
908 2912 958 2946 non
982 2895 1056 2958 prius
1075 2898 1136 2955 finis

121 2960 295 3022 persequente
310 2962 363 3023 fecit
379 2978 452 3026 quam
463 2978 491 3013 se
508 2966 535 3013 iu
549 2965 649 3029 pluuium
666 2966 792 3027 Vergilius
804 2965 954 3014 coniecisset
966 2969 1042 3027 atque
1054 2964 1092 3011 ita
1108 2963 1134 3010 in

124 3027 232 3104 aiteram
248 3026 330 3089 ripam
348 3030 523 3082 armavisset)
560 3031 632 3095 quod
650 3029 767 3081 absurda
786 3031 883 3080 dicunt
907 3044 957 3095 per
974 3027 1135 3093 allegoriam

125 3098 207 3156 tanga
224 3092 276 3145 ecl.
293 3095 335 3144 ΙΙΙ
353 3097 386 3146 94
406 3111 446 3162 sq.
481 3098 604 3149 breviter
621 3099 681 3148 siue
704 3096 760 3146 ullo
778 3099 887 3147 numism
908 3099 937 3145 in
954 3096 1013 3146 vita
1030 3094 1135 3145 Donati

124 3175 150 3227 p.
172 3162 220 3222 59,
243 3161 308 3212 bR.
332 3165 406 3228 ‘qui'
431 3162 600 3230 (Maecenas)
624 3165 691 3215 ‘sibi
713 3205 719 3217 .
740 3202 746 3215 .
766 3202 772 3214 .
797 3181 869 3228 opem
893 3166 991 3214 tulisset
1011 3165 1135 3213 aduersus

123 3228 239 3278 ueterani
259 3231 389 3279 emundant
409 3233 562 3291 uiolentiam
590 3249 607 3283 a
629 3248 677 3299 quo
704 3234 731 3282 in
752 3234 918 3282 altereatione
941 3233 992 3280 litis
1012 3230 1135 3295 agrariae

124 3291 188 3373 (om.
205 3295 287 3350 Bern.
299 3297 374 3363 Par.)
388 3303 491 3362 paulum
503 3302 568 3364 afuit
580 3303 639 3366 quin
651 3297 835 3354 occideretur?
854 3298 963 3349 Phocus
975 3313 1001 3348 v.
1013 3299 1045 3347 81
1058 3309 1133 3361 sqq.=

125 3365 191 3412 ‘sarrs
212 3361 290 3414 Maro
309 3366 398 3429 pulsus
420 3374 494 3417 erat:
519 3370 568 3418 sed
587 3368 682 3418 uiribus
705 3367 789 3417 maius
811 3366 865 3416 ibat
886 3366 979 3416 Fratue
1000 3365 1135 3414 amicorum

127 3429 219 3494 clipeo,
237 3444 291 3478 eum
307 3447 390 3495 paene
408 3436 519 3496 nefando
536 3435 607 3486 Ense
624 3431 711 3499 perit)
731 3450 755 3484 e.
773 3449 798 3500 q.
818 3449 839 3486 a

162 3539 164 3544 .
192 3494 213 3560 ²)
232 3498 389 3549 Menalcam
405 3500 435 3550 iu
452 3503 549 3566 ecloga
561 3503 600 3552 tx
618 3518 668 3567 per
686 3501 843 3566 allegoriam
855 3498 1009 3564 Vergilium
1025 3492 1134 3547 intelle·

125 3564 244 3631 gandam
261 3579 323 3617 esse
342 3567 529 3630 Quintilianus
547 3583 656 3634 quoquc
675 3568 743 3620 vm
760 3570 790 3633 6,
807 3570 840 3620 47
860 3567 950 3618 docet.
