2512 4096
188 273 251 338 382
510 284 540 333 Ρ.
563 283 708 332 vnnornr
728 281 884 331 annosus

188 445 352 503 commotus
373 436 463 500 talem
485 437 521 498 ad
543 455 667 517 superos
689 437 810 498 volitare
831 433 976 514 pueliam,

188 524 257 585 dum
279 529 363 603 pater
386 523 531 584 extinctus
551 538 640 583 caeca
661 520 715 582 suh
738 527 825 580 nocte
846 518 968 592 lateret,

188 606 232 668 illi
253 624 308 686 pro
329 607 439 686 pietate
459 621 513 666 sua
536 602 614 684 (nam
636 621 724 683 saepe
746 605 892 664 nitentum

186 691 330 768 sanguiue
351 697 504 751 murorum
527 687 650 767 supplex
671 694 855 766 resperserat
875 703 955 758 aras,

187 791 275 853 saepe
298 771 385 834 deum
407 771 490 849 largo
513 771 668 832 decorarat
688 787 812 832 munere
834 769 932 850 sedes)

187 856 316 918 reddidit
338 862 467 936 optatam
490 862 602 916 mutato
625 871 751 934 corpore
771 855 861 914 dmm

187 940 314 1020 fecitque
336 940 367 1000 in
389 939 478 1000 terris
499 937 658 999 haliaeetos
680 937 741 998 ales
762 944 795 998 ut
816 945 910 997 esset:

186 1026 296 1105 quippe
319 1021 425 1103 equilis
446 1039 564 1102 semper
586 1022 694 1099 gaudet
715 1021 787 1082 dous
806 1018 857 1081 ille
879 1023 1029 1084 coruscis.

117 1169 122 1176 ,
185 1108 256 1168 huic
277 1124 346 1167 roro
369 1107 510 1175 miserae,
533 1106 672 1185 quoniam
694 1104 831 1166 damnata
853 1102 982 1167 deorum
1165 1113 1212 1168 ati

186 1191 295 1251 iudicio
317 1190 488 1269 patriaeque
511 1195 540 1249 et
561 1189 694 1268 coniugis
715 1195 783 1249 ante
805 1187 918 1258 luisset,
1247 1220 1250 1261 1

185 1274 285 1335 iniesti
302 1273 442 1353 adposuit
463 1273 562 1333 odium
585 1271 705 1334 crudele
726 1272 867 1352 parentis.

186 1375 313 1437 namque
334 1364 367 1417 ut
388 1357 420 1417 in
442 1357 574 1417 aetherio
596 1357 748 1435 signorum
770 1372 894 1416 munere
916 1363 1089 1434 praestans,

185 1459 278 1501 unum
300 1458 388 1519 quern
411 1439 522 1519 duplici
542 1438 690 1502 stellatum
712 1438 810 1501 sidere
831 1438 900 1509 ridi,

191 1524 326 1602 scorpios
347 1521 469 1583 alternis
491 1520 603 1584 clarum
623 1523 706 1602 lugat
728 1521 851 1584 Oriona:
1162 1533 1209 1586 oet

185 1610 228 1667 sic
249 1607 328 1666 inter
349 1623 413 1666 sese
435 1608 535 1667 tristes
556 1605 716 1668 haliaeetos
737 1607 796 1667 iras

186 1696 216 1750 et
237 1690 306 1749 ciris
328 1690 454 1750 memori
474 1698 593 1750 servant
614 1690 650 1750 ad
673 1689 788 1751 saccula
809 1689 880 1748 lato.

186 1790 371 1854 quacumque
391 1772 442 1834 illa
463 1772 558 1835 levem
579 1773 697 1852 fugiens
717 1779 800 1834 secat
822 1773 944 1834 aethera
966 1773 1084 1851 pinnis,

187 1873 256 1918 ecce
277 1858 414 1919 inimicus
436 1865 520 1919 atrox
541 1874 649 1936 magno
672 1857 798 1919 stridore
819 1874 874 1935 per
895 1874 986 1917 auras

185 1942 350 2020 insequitur
371 1940 473 2011 Nisus;
497 1959 554 2022 qua
575 1959 608 2002 se
630 1941 688 2002 lert
708 1941 795 2003 Nisus
817 1939 854 2001 ad
875 1957 973 2009 auras,
1162 1949 1208 2000 eto

185 2022 234 2084 iila
256 2022 350 2085 levem
372 2022 489 2103 fugiens
511 2026 618 2104 raptim
641 2033 722 2086 secat
743 2023 863 2086 aethera
884 2026 997 2102 pinnis.

598 2280 793 2364 OOPA.

186 2437 265 2516 Copa
288 2438 418 2516 Syriaca,
441 2438 647 2518 caputGraeca
660 2439 796 2501 redimita
817 2438 937 2510 mitella,

227 2520 356 2601 crispum
378 2520 433 2582 sub
456 2522 568 2584 crotalo
590 2522 675 2584 docta
697 2541 815 2584 morere
836 2522 920 2594 latus,

186 2602 267 2663 ebria
290 2603 403 2665 fumosa
424 2605 511 2666 saltat
531 2605 637 2666 lasciva
658 2606 790 2677 taberna,

227 2686 264 2745 ad
282 2685 411 2747 cubitum
432 2706 538 2749 raucos
560 2690 711 2750 excutiens
733 2689 873 2750 calamos:

186 2766 275 2848 ‘qnid
296 2769 374 2830 iurat
396 2772 504 2832 aestivo
526 2769 673 2831 defessum
695 2771 815 2852 pulvere
836 2771 950 2833 abisse?
1189 2789 1204 2838 e

224 2870 310 2932 quarn
325 2855 423 2935 potius
437 2854 524 2916 viduo
547 2853 720 2917 decubuIsse
743 2855 818 2918 toro!

185 2942 254 2998 sunt
275 2937 354 3016 topia
377 2945 407 2997 et
429 2937 564 3009 catriae,
589 2939 700 3019 cyathi,
723 2957 805 3012 rosa,
829 2940 913 3010 tibia,
937 2941 1074 3005 chordae

227 3027 257 3079 et
278 3019 394 3081 trichila
430 3021 577 3084 umbrosis
608 3022 716 3102 frigida
738 3022 946 3095 arundinibus;

185 3109 228 3161 est
250 3111 280 3162 et
301 3121 394 3183 vappa
416 3104 488 3167 cado
511 3112 606 3187 nuper
628 3105 731 3169 diffusa
753 3109 859 3187 picato,
1176 3119 1200 3171 ιι

227 3192 271 3244 est
292 3189 439 3266 crepitans
461 3207 551 3251 rauco
573 3207 725 3252 murmure
747 3193 826 3252 rivus
847 3209 948 3270 aquae.

185 3274 229 3329 est
251 3275 281 3328 et
301 3269 444 3331 Maenalio
467 3291 542 3351 quae
564 3274 656 3351 garrit
678 3273 764 3335 dulce
786 3273 840 3336 sub
862 3283 947 3336 antro
1185 3285 1202 3338 9

225 3352 335 3413 rustica
357 3356 483 3432 pastoris
504 3355 599 3417 fistula
620 3376 705 3419 more
726 3375 844 3420 sonans.

184 3441 253 3495 sunt
275 3442 304 3495 et
326 3435 467 3515 Cecropio
489 3438 581 3500 violae
604 3440 640 3501 de
661 3441 735 3502 iiore
757 3439 886 3502 corollae
1171 3453 1201 3508 lt

226 3524 362 3598 sertaque
383 3538 532 3601 purpurea
554 3522 632 3586 lutea
654 3526 744 3586 mixta
766 3542 847 3595 rosa;
896 3526 902 3537 '
