2512 4096
384 288 527 341 vneerm
547 289 671 339 Annms
684 291 734 338 vn

59 450 187 528 tegmina
209 450 273 526 quis
295 449 422 524 capitum
442 452 543 525 raptus
566 446 601 506 de
621 444 729 506 subere
749 450 857 512 cortex,

58 540 232 611 aerataeque
254 532 363 591 micant
383 528 487 608 peltae,
507 531 595 589 micat
616 545 720 589 aereus
742 527 828 587 ensis.

100 617 136 677 Et
155 623 184 676 te
205 621 357 676 montosae
379 614 486 674 misere
506 613 536 672 in
556 611 667 689 proeha
688 609 807 677 Nersae,

59 700 158 769 Ufens,
180 699 322 776 insignem
346 697 423 756 lama
443 706 472 756 et
494 693 627 755 felicibus
648 693 751 770 armis3

58 782 179 843 horrida
195 781 355 861 praecipue
376 781 423 840 cui
442 794 514 855 gens
537 777 715 854 adsuetaque
736 774 827 836 multo

58 872 162 927 venatu
184 881 349 934 nemorum,
372 862 453 923 duris
474 859 632 940 Aequicula
653 859 771 938 glaebis.

58 950 161 1010 armati
182 956 292 1009 terram
312 952 459 1013 exercent,
481 961 656 1022 semperque
672 944 800 1004 recentis

59 1039 233 1092 convectare
254 1032 333 1091 iurat
353 1028 478 1107 praedas
500 1035 529 1088 et
550 1027 646 1086 vivere
667 1033 762 1105 rapto.

100 1115 176 1185 Quin
197 1121 225 1174 et
245 1114 390 1174 blarruria
413 1113 492 1173 venit
512 1111 549 1172 de
568 1117 655 1186 gente
677 1110 824 1179 sacerdos,

59 1197 166 1257 fronde
186 1213 275 1273 super
296 1195 408 1272 galeam
432 1203 461 1254 et
481 1193 558 1255 ielici
579 1199 713 1273 comptus
733 1192 815 1261 oliva,

58 1279 198 1357 Archippi
218 1279 296 1355 regis
316 1280 417 1346 missu,
439 1277 614 1337 fortissimus
635 1275 757 1346 Umbro,

58 1364 177 1441 vipereo
200 1363 300 1439 generi
322 1367 351 1421 et
371 1361 497 1437 graviter
518 1359 696 1438 spirantibus
716 1359 816 1438 hydris

59 1462 201 1524 spargere
222 1446 273 1524 qui
294 1454 414 1503 somnos
436 1452 582 1520 cantuque
603 1460 750 1520 manuque
772 1440 884 1502 solebat

58 1527 264 1607 mulcebatque
284 1529 343 1587 iras
365 1534 394 1586 et
414 1543 530 1586 morsus
551 1532 614 1586 arte
632 1524 755 1587 levabat.

59 1611 111 1671 sed
133 1627 193 1670 non
214 1609 377 1671 Dardaniae
398 1608 538 1670 medicari
558 1608 690 1687 cuspidis
707 1610 797 1669 ictum

59 1692 171 1766 evaluit,
197 1711 291 1772 neque
311 1711 380 1754 enm
398 1695 497 1753 iuvere
518 1693 549 1752 in
568 1691 687 1753 volnera
709 1699 811 1752 cantus

25 1829 27 1833 .
58 1776 207 1838 somnifer,
233 1784 261 1837 et
282 1776 385 1836 Marsis
408 1776 554 1855 quaesitae
575 1775 725 1837 montibus
745 1774 865 1837 herbae.

58 1868 87 1920 te
107 1877 213 1921 nemus
233 1861 373 1937 Angitiae,
396 1861 486 1919 vitrea
509 1867 538 1919 te
555 1858 685 1921 Fucinus
705 1859 792 1927 unda,

58 1951 86 2004 te
110 1941 212 2022 liquidi
234 1942 447 2004 beverelacns.

99 2024 163 2085 lbat
184 2034 213 2086 et
234 2024 380 2103 Hippolyti
401 2023 500 2102 proles
517 2023 716 2101 pulcherrima
737 2022 825 2092 bello,

62 2106 184 2176 Virbius,
206 2109 348 2182 insignem
371 2124 459 2185 quem
481 2113 574 2166 mater
597 2105 693 2165 Aricia
715 2106 801 2173 misit,

59 2190 195 2250 eductum
217 2182 340 2266 Egeriae
359 2187 433 2248 lucis
453 2189 582 2249 umentia
601 2189 713 2248 circum

57 2272 153 2342 litora,
176 2274 292 2350 pinguis
313 2270 365 2331 ubi
387 2279 416 2331 et
437 2269 589 2347 placabilis
611 2287 661 2330 ara
685 2270 800 2331 Dianae.

58 2372 186 2432 namque
199 2356 298 2415 lerunt
309 2354 386 2414 lama
400 2351 598 2433 Hippolytum,
610 2360 765 2431 postquam
777 2360 840 2414 arte
852 2370 994 2414 novercae
1018 2360 1068 2411 roe

58 2439 199 2507 occiderit
220 2439 387 2517 patriasque
407 2435 531 2514 explerit
551 2438 693 2512 sanguine
712 2454 824 2516 poenas

58 2521 181 2582 turbatis
202 2521 357 2581 distractus
379 2521 470 2598 equis,
498 2521 535 2580 ad
557 2519 654 2580 sidera
676 2537 780 2581 musas

58 2602 187 2666 aetheria
210 2613 238 2665 et
258 2621 379 2683 superas
402 2602 474 2664 caeli
497 2606 611 2664 venisse
633 2602 686 2665 sub
708 2621 803 2673 auras,

57 2689 190 2749 Paeoniis
212 2695 380 2749 revocatum
402 2685 503 2747 herbis
525 2697 554 2748 et
575 2704 676 2748 amore
696 2687 813 2748 Dianae.

58 2781 120 2831 tum
144 2780 226 2849 pater
249 2773 442 2848 omnipotens,
465 2769 592 2850 aliquem
613 2770 781 2848 indignatus
802 2771 838 2831 ab
861 2770 974 2830 umbris
1017 2777 1068 2828 711

58 2853 211 2914 mortalem
228 2855 350 2914 infernis
372 2855 409 2914 ad
429 2853 538 2914 lumina
559 2871 682 2930 surgere
703 2856 787 2924 vitae,

57 2938 121 3012 ipse
141 2945 325 3014 repertorem
345 2935 507 2996 medicinae
528 2935 593 2995 talis
614 2942 643 2994 11
664 2939 734 2996 artis

58 3016 179 3078 lulmine
200 3017 418 3093 Phoebigenam
440 3016 552 3096 Stygias
574 3018 697 3078 detrusit
719 3019 756 3079 ad
777 3019 879 3079 undas.

58 3108 87 3161 at
106 3098 203 3161 'l'riria
224 3101 413 3180 Hippolytum
430 3102 550 3161 secretis
570 3099 645 3161 alma
668 3101 800 3162 recondit

59 3182 178 3243 sedibus
198 3191 227 3245 11
248 3185 394 3263 nymphae
415 3185 538 3262 Egeriae
559 3185 733 3262 nemorique
755 3183 875 3262 relegat,
1016 3191 1066 3242 171

58 3265 138 3327 solus
160 3266 210 3328 nbi
231 3270 260 3328 in
282 3267 358 3328 silvis
381 3268 459 3329 ltalis
479 3266 615 3346 ignobilis
638 3285 738 3329 aevom

58 3351 189 3426 exigeret
208 3368 352 3430 versoque
370 3352 420 3413 ubi
441 3352 560 3414 nomine
582 3350 697 3412 Virbius
717 3363 801 3414 esset.

57 3434 135 3495 unde
157 3433 244 3494 etiam
268 3432 376 3512 templo
396 3437 510 3498 Triviae
531 3436 663 3513 lucisque
685 3437 806 3497 sacratis

57 3517 231 3596 cornipedes
249 3525 388 3578 arcentur
410 3521 486 3598 equi,
508 3519 586 3598 qnod
607 3518 692 3581 litore
714 3537 833 3581 currum
