2512 4096
152 267 210 330 186
483 278 627 326 venerer
652 278 777 326 nunnus
793 276 816 324 v

148 435 261 512 primus
283 439 312 492 et
332 432 488 500 Ascanius,
512 449 617 492 cursus
635 438 668 492 ut
688 430 782 492 laetus
804 433 949 509 equestris

148 515 289 598 ducebat,
312 517 354 576 sic
374 534 444 576 acer
465 533 541 594 eque
563 515 679 576 turbata
700 516 800 592 petivit

148 606 258 668 castra,
282 617 338 660 nec
360 600 507 660 exanimes
528 606 652 676 possunt
671 599 799 660 retinere
820 599 960 675 magistri.

164 684 229 762 quis
247 683 331 744 furor
352 684 407 744 iste
426 683 538 742 novosl
560 700 618 760 quo
639 700 733 750 nunc,
752 700 811 760 quo
825 680 957 742 tenditis’
975 684 1071 761 inquit
1119 696 1173 752 670

149 767 223 828 ‘heu
244 768 370 828 miserae
390 767 487 827 eires?
508 784 568 826 non
589 766 704 828 hostem
723 765 899 844 inimicaque
918 775 1014 827 eastra

147 851 301 928 Argivom,
323 857 435 912 vestras
455 868 522 929 spes
544 850 635 910 uritis.
681 867 731 919 en,
755 865 810 926 ege
831 856 928 910 vester

147 931 314 995 Ascaniusl’
337 933 451 1012 galeam
469 940 536 994 ante
557 933 647 1010 pedes
665 934 789 1010 proiecit
809 934 940 1002 manem,

148 1036 206 1096 qua
228 1016 297 1079 ludo
319 1017 440 1078 indutus
461 1015 531 1090 belli
554 1015 710 1077 simulacra
727 1015 830 1077 ciebat.

147 1100 291 1163 accelerat
312 1101 400 1162 simul
421 1102 548 1170 deneas,
572 1099 659 1160 simul
681 1100 796 1177 agmina
817 1099 974 1160 Teucrum.
1117 1115 1172 1171 57⁶

147 1191 192 1245 ast
213 1183 279 1246 illae
298 1185 412 1246 diversa
430 1192 511 1245 metu
533 1200 588 1262 per
609 1181 695 1244 litora
713 1185 822 1260 passim

23 1277 33 1294 ⁰
149 1267 319 1344 diffugiunt,
343 1268 487 1347 silvasque
509 1274 540 1328 et
557 1265 650 1328 sicubi
671 1284 798 1328 concava
817 1266 919 1326 furtim

147 1367 217 1411 saxa
239 1359 356 1429 petunt;
377 1354 459 1431 piget
480 1352 589 1428 incepti
609 1350 756 1428 lucisque,
778 1367 905 1427 suosque

147 1440 276 1508 nuututae
297 1434 493 1510 adgnoscunt,
513 1452 694 1513 excussaque
715 1442 835 1514 pectore
856 1432 928 1493 luno
948 1442 1002 1494 est.

147 1516 277 1578 sednon
298 1517 408 1585 ideirco
430 1518 547 1579 flamma
569 1527 656 1597 atque
674 1517 809 1579 incendia
827 1518 904 1577 vires
1118 1533 1172 1588 σεο

147 1599 303 1660 indomitas
323 1617 464 1676 posuere;
487 1602 545 1662 ude
568 1601 624 1662 surb
646 1601 756 1663 mbore
775 1602 844 1662 vivit

148 1690 255 1761 stuppa
275 1700 396 1743 vomens
417 1683 535 1744 tardum
556 1684 687 1753 sumum,
709 1682 864 1762 lentusque
886 1685 999 1746 carinas

148 1772 315 1844 astrapen,
337 1772 367 1827 et
388 1773 448 1825 toto
470 1767 621 1828 deseendit
643 1785 769 1845 corpore
786 1768 894 1846 pestis,
1089 1771 1094 1780 '

147 1867 204 1911 nec
226 1851 303 1910 vires
325 1849 450 1910 heroum
469 1850 624 1930 minaeque
643 1849 764 1911 flumina
785 1859 917 1928 prosunt.

148 1940 211 1993 tum
231 1933 297 2010 pius
318 1934 431 1994 deneas
449 1935 560 1995 umeris
582 1933 755 1995 abscindere
777 1943 887 1996 restem

148 2014 314 2093 auxilioque
334 2034 440 2079 vocare
462 2017 534 2078 deos
555 2025 585 2079 et
604 2017 726 2080 tendere
748 2017 874 2097 palmas:

149 2099 295 2178 ‘luppiter
317 2102 515 2178 omnipotens,
536 2103 562 2162 sl
583 2103 715 2162 nondum
731 2099 848 2164 ercsu’s
865 2101 902 2163 ad
922 2120 1014 2163 unum
1050 2176 1053 2180 Α

148 2180 306 2253 Troianos,
327 2184 423 2261 siquid
440 2187 534 2264 pietas
556 2188 674 2265 antiqua
694 2186 811 2247 labores

148 2267 267 2343 respicit
287 2267 447 2340 humanos,
470 2271 507 2330 da
528 2269 677 2331 flammam
701 2270 825 2330 evadere
847 2267 932 2329 classi

148 2364 246 2420 nunc,
268 2359 366 2427 pater,
387 2361 416 2413 et
438 2356 535 2415 mauis
557 2354 704 2414 Teucrum
722 2371 772 2414 res
794 2353 875 2430 eripe
894 2351 968 2421 letn;

147 2430 194 2491 vel
215 2439 248 2492 tu
271 2435 350 2511 quud
371 2445 508 2513 superest
529 2436 635 2497 infesto
654 2436 775 2496 fulmine
796 2436 898 2504 blcrti,

148 2515 175 2574 sl
194 2533 327 2587 mereor,
351 2518 471 2580 demitte
491 2528 600 2598 tuaque
620 2519 669 2578 bic
689 2518 784 2578 ebrue
804 2518 931 2579 dextra!

148 2600 194 2658 vix
217 2599 290 2661 haec
312 2601 457 2671 ediderat,
481 2621 549 2662 cum
567 2603 666 2662 ellusis
682 2599 827 2663 imbribus
848 2608 911 2662 atra

149 2689 307 2760 tempestas
327 2686 389 2745 sine
410 2702 494 2744 more
515 2684 602 2752 furit,
624 2685 793 2762 tonitruque
814 2691 995 2750 tremescunt

148 2766 239 2827 ardua
262 2776 409 2827 terrarum
428 2775 457 2827 et
479 2769 588 2844 campi:
610 2768 670 2827 ruit
683 2767 802 2828 aethere
822 2774 884 2827 tute
1131 2836 1134 2841 ,

148 2848 285 2909 turbidus
302 2849 397 2911 imber
419 2868 495 2928 aque
518 2851 674 2929 densisque
695 2851 873 2929 nigerrimus
894 2854 1016 2921 ausus.

148 2929 365 3011 implenturque
386 2952 476 3013 super
497 2951 625 3013 puppes,
648 2942 776 2995 semusta
797 2934 971 2999 madescunt

147 3014 271 3088 robora,
293 3018 449 3080 restinctus
471 3017 565 3080 denec
584 3036 675 3096 vapor
697 3019 790 3079 omnis
809 3029 838 3080 et
857 3036 959 3079 omnes

149 3106 288 3176 quattuor
307 3103 420 3163 amissis
440 3110 571 3165 servatae
591 3123 608 3164 a
629 3112 711 3180 peste
733 3104 858 3164 carinae.

188 3184 226 3241 At
244 3190 327 3259 pater
349 3184 479 3256 deneas,
503 3204 572 3248 casu
594 3203 754 3247 concussus
772 3184 894 3254 acerbo,

149 3281 227 3325 nune
248 3264 307 3325 huc
328 3268 469 3344 ingentis,
491 3287 571 3329 nunc
588 3269 657 3330 illue
677 3275 797 3344 pectore
819 3285 905 3330 curas

147 3347 279 3421 mutabat
300 3367 433 3422 versans,
459 3350 601 3413 Siculisne
621 3350 765 3413 resideret
784 3352 860 3412 arvis

148 3429 255 3492 oblitus
277 3432 418 3503 fatorum,
442 3433 565 3495 Italasne
588 3442 753 3511 capesseret
774 3452 850 3496 oras.

148 3521 211 3575 tum
232 3517 330 3576 senior
348 3517 472 3587 Nautes,
494 3533 586 3580 unum
608 3517 737 3578 Tritonia
759 3518 853 3581 Pallas
