2512 4096
202 270 263 335 384
521 282 552 330 r.
574 278 719 329 vunnim
740 277 895 329 maroam

202 447 232 501 et
252 437 389 518 producit
411 455 465 498 acu
487 443 608 514 stuppas
629 452 733 496 umore
756 440 890 495 carentes

202 523 309 583 excitat
330 528 359 581 et
381 520 495 582 crebris
516 519 706 598 languentem
727 516 844 580 flatibus
864 518 979 596 iguem
1035 525 1039 531 ’

200 605 320 667 tandem
343 611 486 684 concepto
509 601 649 664 tenebrae
671 600 785 680 fulgore
807 600 967 672 recedunt;

201 688 394 768 oppositaque
415 704 505 750 manu
527 686 627 747 lumen
650 684 781 745 defendit
803 684 838 746 ab
862 703 935 746 aura

202 779 231 833 et
252 778 366 833 reserat
389 770 480 833 cellae
501 787 577 851 quae
598 767 732 848 pervidet
754 770 828 830 ostia
849 767 933 830 clari.

200 855 282 917 fusus
305 861 369 916 erat
388 861 469 916 terra
491 853 632 916 frumenti
653 870 766 933 pauper
788 870 923 914 acervus:

200 938 271 1000 hinc
293 938 350 999 sibi
372 938 520 1017 depromit
542 944 683 1016 quantum
705 954 844 999 mensura
864 937 999 1015 patebat,

201 1040 277 1102 quae
297 1021 343 1083 bis
363 1023 395 1083 in
418 1029 539 1083 octonas
561 1021 690 1082 excurrit
711 1021 844 1101 pondere
864 1018 967 1084 libras.

242 1104 315 1167 inde
336 1104 397 1166 abit
419 1100 589 1184 adsistitque
610 1102 706 1166 molae
727 1119 875 1185 parvaque
896 1105 1020 1180 tabella,

201 1206 290 1268 quam
312 1188 400 1251 lixam
423 1190 522 1268 paries
544 1187 611 1250 illos
632 1188 767 1250 servabat
786 1190 818 1249 in
839 1206 919 1258 usus,

200 1269 312 1334 lumina
334 1271 392 1333 fida
414 1271 506 1344 locat;
529 1273 663 1351 geminos
683 1279 746 1334 tum
769 1279 849 1334 reste
870 1271 1003 1336 lacertos

199 1353 307 1418 liberat
329 1364 358 1417 et
379 1357 493 1418 cinctus
514 1355 632 1418 liliosae
654 1358 784 1437 tegmine
806 1373 912 1437 caprae

200 1441 364 1519 praeverrit
386 1441 478 1502 cauda
500 1440 597 1502 silices
618 1442 824 1520 gremiumque
844 1439 1004 1502 molarum.

112 1536 118 1547 ·
201 1523 323 1584 advocat
344 1523 413 1584 inde
436 1542 541 1586 manus
562 1525 659 1603 operi,
682 1525 807 1602 partitus
828 1525 995 1603 utrimque:

201 1604 283 1667 laeva
304 1607 483 1678 ministerio,
507 1608 609 1668 dextra
633 1613 677 1669 est
697 1609 812 1668 intenta
832 1606 936 1668 labori.

200 1688 275 1749 liaeo
296 1696 373 1750 rotat
396 1690 550 1752 adsiduum
572 1692 651 1769 gyris
674 1698 704 1752 et
725 1692 853 1752 concitat
874 1690 980 1752 orbem

201 1770 297 1849 (tunsa
319 1791 403 1835 ceres
424 1773 539 1835 silicum
561 1767 664 1852 rapido
687 1768 818 1835 decurrit
840 1773 876 1835 ab
897 1773 981 1854 ictu),

199 1855 349 1918 interdum
371 1857 466 1919 fessae
488 1856 618 1920 succedit
638 1856 720 1918 laeva
742 1859 838 1919 sorori

200 1938 384 2020 alternatque
407 1943 493 2003 vices.
515 1940 605 2004 modo
626 1942 735 2002 rustica
757 1942 888 2003 carmina
910 1950 1016 2006 cantat

200 2025 366 2104 agrestique
388 2041 472 2087 suum
495 2024 606 2086 solatur
627 2041 698 2086 voce
719 2023 860 2096 laborem,

199 2107 349 2169 interdum
371 2107 479 2169 clamat
499 2106 654 2188 Scybalen.
677 2114 740 2170 erat
761 2110 848 2169 unica
870 2115 979 2181 custos,

199 2189 268 2252 Afra
290 2209 398 2269 genus,
420 2198 481 2253 tota
502 2193 628 2272 patriam
649 2198 775 2254 testante
796 2193 897 2270 figura,

199 2279 277 2334 torta
299 2291 414 2335 comam
435 2274 578 2356 labroque
600 2283 717 2337 tumens
740 2283 770 2337 et
790 2275 871 2337 fusca
893 2275 1007 2350 colore,

199 2364 320 2436 pectore
341 2356 415 2430 iata,
437 2359 537 2422 iacens
558 2360 709 2432 mammis,
733 2361 931 2439 compressior
953 2359 1031 2435 alvo,

199 2440 337 2502 cruribus
359 2440 456 2514 exilis,
479 2444 607 2521 spatiosa
627 2443 750 2522 prodiga
772 2443 881 2522 planta.

216 2525 363 2585 continuis
384 2526 467 2586 rimis
489 2525 626 2588 calcanea
647 2528 737 2588 scissa
758 2524 919 2608 rigebant]

209 2624 276 2668 ranc
296 2614 381 2668 vocat
403 2616 490 2689 atquo
513 2629 614 2673 arsura
636 2611 711 2672 focis
730 2611 875 2690 inponere
895 2609 976 2689 ligna

199 2691 326 2769 imperat
348 2697 377 2750 et
398 2691 516 2752 flamma
537 2691 650 2770 gelidos
671 2691 790 2755 adolere
804 2693 951 2775 liquores.

239 2772 397 2853 Postquam
410 2772 542 2854 implevit
562 2792 635 2853 opus
656 2777 733 2837 iusto
754 2777 891 2839 versatile
912 2778 981 2852 fine,

198 2856 339 2917 transfert
360 2856 430 2919 iude
452 2875 541 2919 manu
576 2859 657 2921 fusas
684 2861 716 2920 in
737 2859 836 2923 cribra
858 2861 969 2925 farinas

199 2947 228 3001 et
250 2941 357 3019 quatit,
380 2958 415 3001 ac
435 2949 590 3003 remanent
611 2961 727 3006 summo
748 2946 923 3025 purgamina
945 2945 1040 3011 dorso

198 3023 323 3086 subsidit
344 3024 460 3086 sincera
482 3025 734 3108 foraminibusque
756 3027 884 3109 liquatur

198 3106 352 3169 emundata
375 3126 467 3169 ceres.
490 3108 546 3171 leri
567 3119 630 3173 tum
650 3113 786 3191 protinus
806 3111 885 3174 iliam

198 3191 348 3269 componit
369 3190 484 3262 tabula,
506 3195 621 3272 tepidas
642 3212 731 3274 super
751 3197 860 3275 ingerit
881 3194 993 3268 undas;

197 3273 345 3335 contrabit
367 3274 511 3337 admixtos
533 3283 595 3338 tum
617 3277 715 3341 fontes
736 3286 824 3360 atque
844 3279 955 3343 farinas

197 3362 363 3418 transversa
386 3355 530 3438 duratque
552 3377 641 3422 manu
662 3361 831 3443 liquidoque
853 3371 955 3426 coacto

196 3438 345 3501 interdum
368 3456 488 3518 grumos
510 3444 621 3524 spargit
643 3445 712 3508 sale.
735 3448 852 3527 iamque
874 3445 1034 3516 subactum

196 3519 274 3584 ierat
295 3540 369 3602 opus
390 3522 554 3607 palmisque
576 3547 661 3591 suum
685 3529 786 3594 dilatat
807 3534 838 3593 in
861 3531 964 3595 orbem
