2512 4096
458 281 603 329 vnnttim
618 282 744 332 sunnis
760 284 798 331 1x

122 429 161 494 sit
181 429 230 508 qui
251 449 299 494 me
320 446 435 516 raptum
453 453 552 515 pugna
573 438 706 515 pretioue
728 438 913 519 redemptum
1026 489 1027 492 ,
1096 485 1101 495 ,

123 512 243 573 mandet
260 512 361 591 hume,
383 519 469 580 solita
487 527 537 581 aut
558 522 640 599 siqua
662 521 692 581 id
713 521 844 584 Fortuna
863 523 982 604 vetabit,

121 596 238 660 absenti
260 602 335 664 ierat
358 604 482 665 inferias
497 604 677 683 decoretque
699 606 866 684 sepulchro.
1085 619 1135 670 sto

122 699 180 744 neu
204 688 291 748 matri
312 688 438 748 miserae
455 689 528 748 tanti
548 690 603 748 sim
624 705 713 749 causa
731 689 850 761 doloris,

122 788 199 854 qnae
222 776 251 831 te
272 771 344 841 sola,
366 789 451 850 puer.
473 770 571 833 multis
594 791 610 832 e
632 771 776 834 matribus
798 792 867 835 ausa

122 855 309 935 persequitur
330 857 429 932 magni
451 872 507 916 nec
528 857 644 916 moenia
667 864 751 917 curat
769 855 910 918 licestae.¹

122 936 171 999 ille
193 950 290 1000 autem
314 948 432 1000 ‘causas
454 941 633 1019 nequiquam
651 941 744 1000 nectis
765 942 868 1011 inanis,

122 1040 178 1083 nec
195 1040 261 1084 mea
282 1025 349 1084 iam·
365 1030 473 1084 mutata
494 1022 558 1084 loco
578 1025 722 1085 sententia
745 1025 838 1085 cedit:

122 1104 336 1168 adceleremus’
359 1109 407 1168 ait.
441 1107 542 1184 vigiles
563 1107 651 1168 simrd
673 1110 787 1177 excitat,
810 1107 851 1168 illi

123 1190 285 1251 succedunt
306 1197 482 1270 servantque
504 1193 598 1252 vices:
621 1193 747 1252 cudone
768 1191 870 1252 relicte

123 1275 187 1352 ipse
203 1290 302 1334 comes
325 1274 394 1334 Niso
417 1274 560 1351 graditur,
581 1291 742 1354 regemque
763 1277 926 1355 requirunt.

166 1357 269 1418 Cetera
292 1375 346 1436 per
365 1366 460 1418 terres
482 1360 577 1418 omnis
592 1359 730 1419 amimalia
753 1377 856 1419 somno

123 1440 260 1501 laxabant
281 1459 367 1502 curas
390 1449 418 1502 et
441 1441 530 1502 corda
552 1441 641 1502 oblite
659 1441 809 1503 laborum:

122 1525 261 1586 ductores
282 1524 430 1586 Teucrum
452 1527 539 1603 primi
562 1535 591 1587 et
610 1525 723 1588 delecta
746 1528 881 1588 iuventus

120 1606 278 1671 consilinm
300 1611 423 1670 summis
445 1611 529 1687 regni
554 1611 591 1671 de
612 1610 703 1670 rebus
724 1610 880 1683 hebebant,

122 1691 192 1770 quid
213 1691 345 1754 lacerent
366 1695 466 1772 quisve
487 1694 603 1755 Aeneae
623 1695 682 1754 iam
705 1697 824 1757 nuntius
847 1707 932 1758 esset.

123 1782 201 1836 stant
222 1774 316 1855 longis
339 1777 435 1837 adnixi
458 1777 557 1848 hastis,
580 1779 611 1838 in
633 1784 716 1839 scuta
735 1786 860 1849 tuentes,

123 1865 288 1921 castrorum
311 1869 340 1922 et
361 1862 457 1940 campi
480 1862 586 1922 medio.
620 1870 682 1922 tum
700 1861 788 1923 Nisus
810 1871 839 1922 et
856 1880 912 1923 una

121 1942 265 2024 Euryalus
286 1944 441 2005 confestim
463 1944 575 2005 alacres
598 1947 743 2005 admittier
764 1953 865 2005 orant:

122 2044 186 2088 rem
208 2045 355 2106 magnam,
378 2029 565 2106 pretiumque
585 2045 685 2087 morae
707 2028 780 2088 iore.
815 2029 929 2106 primus
953 2025 1031 2088 Iulus

122 2110 237 2188 accepit
257 2111 389 2189 trepidos
413 2129 447 2171 ac
469 2109 571 2170 Nisum
591 2111 689 2171 dicere
710 2111 805 2172 iussit.

122 2200 185 2252 tum
205 2194 247 2254 sic
268 2192 453 2272 Hyrtacides:
475 2193 587 2254 ‘audite
608 2212 625 2252 o
647 2192 795 2253 mentibus
817 2195 926 2271 aequis,

121 2277 284 2348 Aeneadae,
307 2294 380 2338 nere
401 2276 475 2337 baec
494 2278 602 2337 nostris
619 2283 789 2354 spectentur
811 2277 847 2337 ab
870 2279 962 2347 annis,

123 2378 197 2438 quae
219 2361 349 2422 ierimus.
384 2359 485 2422 Rutuli
506 2378 610 2421 somno
633 2362 761 2438 vinoque
779 2359 866 2422 soluti

123 2444 307 2513 conticuere;
326 2444 425 2506 locum
448 2444 558 2505 insidiis
580 2445 785 2523 conspeximus
807 2446 871 2524 ipsi,

124 2527 174 2605 qui
194 2533 275 2606 petet
296 2529 326 2588 in
348 2527 426 2588 bivio
446 2536 559 2607 portae,
582 2547 656 2608 quoe
678 2545 822 2606 proxuma
844 2535 952 2607 pento;

123 2612 279 2689 interrupti
300 2612 392 2690 ignes,
415 2619 538 2690 aterque
557 2612 594 2672 ad
616 2613 712 2672 sidera
730 2612 829 2672 turnus

122 2693 258 2771 erigitur:
277 2696 301 2755 si
322 2694 442 2756 fortuna
462 2697 628 2774 permittitis
651 2698 695 2757 nti

122 2779 285 2857 quaesitum
304 2780 421 2841 lenean
444 2781 607 2843 etmoenia
628 2778 786 2849 Pallantea,

120 2879 190 2922 mox
212 2861 261 2921 bic
284 2880 351 2922 cum
374 2862 474 2940 spoliis
495 2864 606 2941 ingenti
629 2862 718 2924 caede
741 2871 860 2942 peracta

122 2944 224 3003 adiere
247 2946 382 3004 cernetis.
416 2963 473 3005 nec
493 2963 547 3005 nos
564 2948 610 3005 via
632 2945 705 3005 lellit
727 2947 836 3006 euntis:

123 3025 245 3086 vidimus
265 3025 400 3087 obscuris
420 3028 546 3105 primam
568 3027 623 3086 sub
645 3027 768 3089 vallibus
790 3029 894 3088 urbem

123 3116 227 3169 venatu
249 3108 371 3170 adsiduo
395 3120 424 3170 et
448 3117 542 3171 totum
565 3111 754 3187 cognovimus
773 3110 909 3171 amnem!
992 3109 994 3113 ’
1083 3127 1091 3144 ·

123 3191 171 3252 bic
193 3195 276 3254 annis
296 3195 392 3270 gravis
412 3202 500 3272 atque
521 3196 611 3255 animi
634 3200 767 3255 maturus
791 3192 903 3255 Aletes:

123 3276 168 3336 ‘di
185 3278 281 3355 patrii,
303 3296 429 3356 quorum
452 3295 570 3356 semper
588 3278 643 3339 sub
665 3280 785 3340 numine
806 3278 892 3339 Troia
915 3287 968 3345 est,

122 3368 297 3421 nontamen
320 3363 438 3423 omnino
461 3362 593 3424 Teucros
615 3361 715 3424 delere
736 3365 853 3440 paratis,

123 3461 190 3505 cum
214 3442 280 3504 talis
301 3447 415 3505 animos
436 3448 574 3509 iuvenum
595 3454 702 3508 ettam
724 3455 803 3508 certe
823 3447 928 3508 tulistis

122 3527 262 3607 pectora!
295 3527 347 3588 lsic
365 3546 533 3592 memorans
553 3549 673 3593 umeros
694 3532 870 3609 dextrasque
892 3529 1011 3592 tenebat
1082 3536 1133 3587 ecc
