2512 4096
361 113 505 162 rancun
527 113 729 163 unosurcon
748 115 801 162 1111
1045 102 1081 164 at

23 324 26 329 .
71 287 173 332 rerum
196 270 248 329 ubi
270 276 439 346 correptum
462 267 598 329 manibus
620 267 779 348 vinclisque
800 266 933 337 tenebis,
1037 280 1084 332 tos

10 400 17 431 .,
70 360 133 414 tum
155 351 253 413 variae
275 350 394 413 eludent
415 351 529 429 species
551 357 638 430 atque
661 369 712 412 ora
735 352 874 411 terarum.

70 436 121 497 liet
143 435 221 496 enim
243 434 340 495 subito
361 452 412 495 sus
434 434 572 495 horridus
595 441 716 512 suaque
737 435 821 510 tigris

11 568 14 573 .
71 535 305 598 squamosusque
327 517 417 578 draco
440 524 468 578 et
490 515 568 577 fulva
590 518 704 577 cervice
724 515 836 585 leaena,

71 608 122 663 ant
143 619 243 662 acrem
264 601 399 662 llammae
422 601 549 660 sonitum
571 599 651 660 dabit
673 605 759 678 atque
781 600 821 660 ita
842 597 944 659 vinclis

72 684 201 755 excidet,
224 687 325 745 autin
347 701 438 763 aquas
458 683 554 743 tenuis
577 682 704 760 dilapsus
726 680 825 743 abibit.
1034 693 1085 746 4ιο

71 767 121 829 sed
139 773 249 848 quanto
269 766 318 828 ille
340 769 432 843 magis
453 766 563 826 iormas
584 783 616 826 se
638 772 731 826 vertet
753 768 783 825 in
805 765 909 833 omnis,

70 858 132 912 tam
153 857 201 920 tu,
223 857 306 921 nate,
328 852 421 926 magis
443 848 587 910 contende
609 849 722 909 tenacia
744 846 853 918 vincla,

71 934 165 995 donec
187 932 253 994 talis
276 935 331 994 erit
351 940 462 993 mutato
486 949 625 1009 corpore,
648 931 764 1010 qualem

73 1016 194 1086 rideris,
217 1018 333 1094 incepto
355 1023 468 1093 tegeret
490 1033 557 1075 cum
579 1013 688 1075 lumina
710 1013 837 1075 somno'

112 1101 193 1162 llaec
215 1101 254 1159 ait
276 1106 304 1159 et
325 1098 466 1178 liquidum
488 1097 653 1159 ambrosiae
672 1098 806 1159 defundit
827 1098 958 1166 odorem,
1035 1108 1084 1162 tls

16 1248 21 1257 ,
71 1202 131 1265 quc
152 1190 247 1244 totum
268 1183 328 1242 nati
351 1199 459 1259 corpus
479 1180 631 1259 perduxit:
668 1188 698 1242 at
719 1179 763 1261 iuis

71 1267 166 1330 dulcis
189 1266 356 1344 compositis
378 1265 496 1342 spiravit
518 1263 647 1325 crinibus
669 1282 757 1334 aura,

70 1359 159 1430 atque
181 1347 286 1408 habilis
307 1346 447 1409 membris
469 1348 546 1408 venit
568 1348 658 1423 vigor.
702 1355 747 1408 est
767 1363 872 1424 specus
893 1348 996 1422 ingens

71 1434 152 1496 exesi
172 1432 265 1493 latere
286 1432 316 1492 iu
338 1432 460 1500 montis,
483 1448 541 1508 quo
562 1429 688 1507 plurima
709 1438 796 1491 vento

70 1517 186 1595 cogitur
209 1516 298 1594 inque
319 1516 399 1574 sinus
421 1514 527 1574 scindit
547 1531 612 1574 sese
634 1514 712 1575 unda
734 1514 880 1582 reductos,
1034 1524 1084 1576 tto

70 1599 224 1678 deprensis
246 1597 314 1658 olim
335 1599 419 1658 statio
441 1598 583 1658 tutissima
604 1599 715 1667 nautis;

70 1685 150 1744 intus
172 1698 205 1741 se
225 1683 297 1741 vasti
316 1682 440 1743 Proteus
462 1681 533 1759 tegit
555 1679 638 1742 obice
659 1682 729 1742 saxi.

70 1765 120 1825 hic
141 1765 275 1824 iuvenem
295 1765 325 1823 in
345 1763 467 1825 latebris
487 1781 622 1825 aversum
644 1783 660 1825 a
682 1764 792 1825 lumine
812 1744 939 1841 nyrlrpba

18 1917 22 1924 ,
71 1845 211 1914 collocat,
234 1847 297 1925 ipsa
317 1846 420 1925 procul
443 1845 558 1907 nebulis
580 1846 706 1907 obscura
727 1847 844 1906 resistit.
922 1844 926 1855 '

73 1933 132 1993 iam
154 1929 274 2007 rapidus
294 1938 412 1991 torrens
434 1930 557 1990 sitientis
578 1929 671 1990 Sirius
692 1928 780 1990 Indos
1034 1938 1084 1992 425

72 2012 197 2074 ardebat
219 2012 313 2082 caelo,
338 2020 367 2073 et
388 2011 517 2072 medium
539 2010 583 2070 sol
603 2013 707 2087 igneus
729 2009 831 2070 orbem

71 2098 226 2164 hauserat:
260 2095 383 2155 arebant
404 2092 531 2161 herbae,
555 2099 584 2152 et
606 2111 674 2153 cava
695 2093 815 2154 llumina
836 2094 920 2153 siccis

69 2178 204 2242 faucibus
222 2178 258 2240 ad
280 2176 382 2237 limum
405 2175 479 2236 radii
500 2174 643 2253 tepeiacta
665 2174 844 2255 coquebant:

69 2281 136 2325 cum
159 2262 286 2322 Proteus
308 2267 446 2320 consueta
468 2266 571 2336 petens
593 2278 610 2319 e
630 2258 767 2320 incubus
788 2265 871 2320 antra

68 2345 145 2414 ibat;
191 2362 258 2406 eum
280 2343 351 2403 vasti
375 2343 486 2403 circum
508 2358 581 2418 gens
602 2342 700 2404 umida
721 2343 803 2420 ponti
1035 2355 1085 2408 430

15 2421 21 2434 “
69 2427 204 2491 exultans
226 2444 325 2489 rorem
346 2425 404 2487 late
426 2425 563 2504 dispersit
584 2444 726 2487 amarum.

70 2518 207 2574 sternunt
228 2528 261 2571 se
282 2527 385 2570 somno
408 2509 540 2572 diversae
561 2509 591 2569 in
612 2509 698 2571 litore
718 2509 848 2588 pbocae;

71 2596 135 2673 ipse
155 2592 235 2655 velut
255 2592 362 2654 stabuli
384 2600 482 2654 custos
502 2594 533 2652 in
555 2593 703 2654 montibus
724 2593 809 2663 olim,

69 2694 174 2756 vesper
195 2676 247 2738 ubi
270 2696 285 2737 e
307 2684 392 2754 pastu
413 2674 519 2738 vitulos
541 2676 577 2736 ad
598 2683 675 2737 tecta
697 2676 820 2746 reducit,

69 2759 234 2839 auditisque
255 2759 341 2837 lupos
362 2765 471 2819 acuunt
490 2756 636 2820 balatibus
657 2761 733 2836 agni,
1034 2770 1084 2825 aas

70 2843 195 2904 considit
216 2841 337 2920 scopulo
360 2841 488 2910 medius,
510 2858 724 2920 numerumque
746 2852 889 2904 recenset.

72 2927 155 2988 cuitu
176 2926 307 2988 Aristaeo
330 2927 467 3004 qnoniam
489 2930 533 2984 est
554 2924 651 2985 oblata
673 2923 804 2994 facultas,

69 3011 116 3069 rix
140 3009 253 3071 defessa
274 3027 374 3072 senem
397 3025 501 3087 passus
522 3024 699 3086 componere
721 3007 853 3069 membra

69 3110 138 3153 cum
161 3091 290 3154 clamore
303 3095 370 3155 ,ruit
392 3108 512 3170 magno,
535 3091 715 3170 manicisque
736 3091 878 3152 iacentem

69 3181 205 3254 occupat.
249 3173 297 3237 ille
319 3195 389 3239 suae
412 3182 514 3238 contra
536 3192 595 3236 non
616 3177 771 3236 immemor
792 3176 863 3236 artis
915 3186 922 3200 ·
1035 3186 1086 3238 440
1203 3254 1204 3257 ¹

69 3259 169 3321 omnia
191 3259 380 3321 transformat
402 3277 467 3322 sese
488 3260 517 3319 in
539 3256 678 3320 miracula
701 3276 813 3328 rerum,

70 3342 227 3421 ignemque
248 3341 479 3423 horribilemque
501 3342 594 3402 ieram
616 3342 795 3420 fluviumque
817 3341 986 3421 liquentem.

138 3443 270 3487 areston,
289 3443 403 3480 vulsum.
862 3438 881 3496 6
