2512 4096
452 241 595 290 VERGILI
609 241 734 291 sums
750 243 801 292 ΧΗ

125 396 315 475 tunsasque
335 395 562 475 Mnestheusque
583 402 672 457 ruunt
694 397 846 478 omnisque
866 395 976 460 relictis

124 478 212 540 turba
234 477 298 540 lluit
318 481 436 541 castris:
458 486 520 539 tum
541 496 629 540 caeco
650 478 769 557 pulvere
788 498 908 560 campus

122 564 261 624 miscetur
283 560 426 641 pulsuque
442 562 551 641 pedum
571 563 672 623 tremit
691 563 784 623 excita
806 561 900 623 tellus.
1076 571 1127 622 stt

121 645 194 706 vidit
214 644 251 706 ab
271 645 393 707 adverso
405 646 554 707 uenientis
576 662 683 724 aggere
704 645 831 716 Turnus,

121 728 222 789 vidore
243 729 372 799 tuscan,
392 728 563 807 gelidusque
580 745 635 806 per
656 729 713 789 ima
735 730 866 790 cucurrit

121 830 188 872 ossa
210 818 335 872 hemor:
359 814 455 891 prima
476 819 542 871 ante
559 812 653 872 omnis
673 811 792 872 Iuturna
814 812 933 872 Latinos

121 895 215 956 audiit
237 894 431 974 adgnovitque
453 910 558 954 sonum
579 902 608 955 et
632 893 803 954 tremefacta
825 893 943 971 refugit.

122 977 172 1040 ille
193 976 269 1039 volat
291 995 451 1056 campoque
472 985 568 1039 anum
586 978 663 1056 rapit
679 995 784 1056 agmen
807 985 918 1055 aperto.
1078 982 1128 1034 too
1152 981 1156 988 '

122 1060 217 1139 qualis
238 1059 290 1121 ubi
308 1061 345 1121 ad
365 1067 460 1122 terras
482 1060 608 1138 abrupto
627 1061 723 1121 sidere
743 1059 860 1122 nimbus
1102 1086 1130 1133 ῃ

121 1146 146 1205 it
166 1161 248 1204 mare
270 1161 324 1221 per
346 1145 475 1205 medium
494 1143 617 1222 (miseris
636 1143 694 1205 heu
716 1146 848 1222 praescia
869 1142 957 1219 longe

121 1227 300 1287 horrescunt
322 1226 411 1287 corda
432 1225 582 1304 agricolis:
604 1226 685 1286 dabit
703 1226 752 1288 ille
772 1228 873 1286 ruinas

122 1308 280 1371 arboribus
301 1316 488 1387 stragemque
509 1313 587 1378 satis,
608 1317 677 1371 ruet
698 1310 793 1369 omnia
815 1309 898 1388 late);

121 1399 191 1454 ante
212 1391 309 1453 volant
330 1394 516 1470 sonitumque
537 1392 636 1451 lerunt
654 1391 689 1451 ad
710 1391 797 1454 htora
818 1393 911 1452 venti:

121 1474 188 1536 talis
210 1476 239 1534 in
260 1475 399 1536 adversos
419 1474 524 1535 ductor
540 1474 698 1536 Rhoeteius
719 1474 811 1535 hostis

122 1575 228 1636 agmen
247 1558 315 1635 agit,
338 1558 421 1619 densi
441 1559 542 1618 cuneis
561 1575 592 1619 se
615 1559 738 1636 quisque
759 1559 866 1619 coactis

122 1641 335 1718 adglomerant.
369 1642 436 1702 ierit
457 1658 527 1702 ense
547 1657 664 1717 gravem
686 1641 887 1720 Thymbraeus
907 1637 1030 1705 Oslnim,

120 1721 311 1782 'l'archetiurn
333 1722 515 1792 Mnestheus,
538 1721 703 1801 Epulonem
725 1720 881 1785 obtruncat
901 1723 1028 1785 Achates

123 1804 316 1883 Ufentemque
339 1805 430 1884 Gyas3
454 1804 529 1865 cadit
551 1805 614 1881 ipse
632 1803 804 1866 Tolumnius
826 1819 929 1880 augur,
1077 1811 1128 1862 400

120 1889 236 1967 primus
257 1890 288 1947 in
309 1888 446 1949 adversos
469 1887 559 1948 telum
579 1888 629 1965 qui
651 1894 777 1949 torserat
796 1887 897 1947 bostis.

121 1969 232 2031 tollitur
253 1971 284 2029 in
306 1970 419 2032 caelum
441 1970 561 2039 clamor,
583 1972 720 2047 versique
740 1971 866 2030 vicissim

122 2052 324 2132 pulverulenta
342 2054 410 2130 fuga
431 2051 529 2113 Rutuli
550 2052 620 2112 dant
639 2060 723 2130 terga
744 2069 798 2130 per
819 2066 916 2127 agros.

122 2139 185 2215 ipsc
205 2152 301 2213 neque
322 2152 438 2196 aversos
455 2135 590 2212 dignatur
612 2142 745 2195 sternere
766 2134 853 2195 Morti

122 2236 178 2279 nec
199 2217 275 2296 pede
296 2235 468 2296 congressos
485 2235 579 2296 aequo
600 2235 655 2278 neo
675 2217 732 2278 tela
754 2217 873 2278 ferentis
1080 2223 1126 2274 400

121 2303 302 2381 insequitur:
325 2300 420 2362 solum
442 2300 531 2361 densa
553 2301 584 2360 in
606 2299 728 2378 caligine
748 2300 882 2361 Turnum

123 2386 244 2461 vestigat
264 2384 401 2454 lustrans,
424 2383 519 2444 solum
539 2384 570 2443 ln
592 2385 751 2444 certamina
772 2385 875 2461 poscit.

122 2468 181 2528 hoc
205 2485 347 2529 concussa
364 2474 444 2529 metu
464 2474 592 2527 mentem
612 2466 734 2527 Iuturna
755 2468 855 2545 virago

123 2551 254 2628 aurigam
277 2550 370 2612 Turni
388 2551 484 2612 media
505 2551 582 2611 inter
599 2549 661 2610 lora
682 2549 834 2612 Metiscum

123 2635 232 2694 excutit
254 2642 283 2694 et
303 2633 390 2711 longe
410 2634 524 2712 lapsum
544 2639 663 2694 temone
683 2633 814 2710 reliquit:
1077 2639 1129 2690 470

121 2718 185 2795 ipsa
207 2716 284 2778 subit
305 2717 498 2795 manibusque
519 2716 655 2778 undantis
672 2715 762 2777 llectit
782 2716 921 2787 habenas,
1015 2758 1018 2764 -

122 2809 227 2860 cuncta
249 2817 365 2878 gerens,
387 2819 547 2879 vocemque
569 2807 598 2860 ot
619 2817 726 2878 corpus
748 2808 778 2860 et
798 2818 880 2860 arma
901 2798 1021 2859 Metisci.

124 2884 209 2959 nigra
230 2882 308 2943 velut
327 2898 448 2957 magnas
469 2882 578 2943 domini
601 2899 667 2942 cum
692 2883 785 2942 divitis
807 2882 894 2944 aedes

123 2963 254 3043 pervolat
275 2971 304 3024 et
320 2965 417 3041 pinnis
440 2963 496 3022 alta
518 2965 591 3022 atria
611 2962 715 3023 lustrat
735 2963 871 3032 hirundo,

124 3045 230 3125 pabula
252 3063 342 3125 parra
363 3045 463 3122 legens
485 3046 619 3121 nidisque
639 3043 811 3122 loquacibus
833 3061 924 3113 escas,
1079 3051 1129 3100 tto

124 3138 154 3189 et
172 3147 250 3189 nunc
269 3127 432 3207 porticibus
454 3130 561 3196 raonis,
585 3143 664 3187 nunc
680 3126 779 3187 umida
801 3128 912 3188 circum

125 3219 226 3289 stagna
248 3219 346 3272 sonat:
370 3211 472 3272 similis
492 3210 605 3271 medios
626 3209 747 3270 luturna
769 3226 823 3290 per
844 3207 936 3271 hostis

124 3296 218 3355 fertur
240 3293 322 3372 equis
339 3294 502 3375 rapidoque
520 3292 620 3353 volans
638 3291 700 3353 obit
720 3293 816 3354 omnia
834 3310 924 3356 tumn

124 3381 241 3454 iamque
257 3378 306 3438 hic
327 3395 498 3456 germanum
519 3379 635 3454 iamque
655 3376 704 3436 hic
725 3383 851 3439 ostentat
874 3384 1008 3438 ovantem

125 3479 179 3522 nco
199 3461 334 3522 conterre
355 3477 475 3521 manum
496 3459 613 3538 patitur,
635 3456 711 3520 volat
732 3461 794 3522 aria
814 3459 909 3539 longe.
1077 3465 1129 3516 400
