2512 4096
330 293 474 342 vulteum
495 295 697 351 uuouuicort
719 300 732 346 1

104 446 181 507 tedio
203 455 295 510 tostas
316 457 400 511 aestu
422 453 492 510 terit
512 469 581 512 area
604 453 716 530 fruges.

104 549 128 591 ιο
150 549 218 602 ara,
241 549 309 593 sere
329 534 442 602 nudus;
465 534 580 615 hiemps
601 537 705 612 ignava
727 538 841 600 colono.

104 613 190 675 ribus
211 623 296 695 parto
318 617 464 695 agricolae
486 618 662 698 plerumque
684 622 830 691 fruuntur,
985 632 1036 686 000

104 717 189 778 laque
211 702 289 760 inter
311 700 435 762 0010001
457 705 588 764 convivia
611 714 743 777 curant„

103 789 133 842 at
154 783 278 859 genialis
298 784 415 863 hiemps
437 803 582 865 curasque
603 788 733 858 resolvit,

107 884 228 945 pressae
250 886 317 928 eum
339 870 397 929 iam
419 879 536 947 portum
558 873 683 949 tetigere
705 875 823 934 carinae

104 949 178 1010 ribus
200 958 231 1010 00
251 951 321 1011 laeti
342 960 450 1014 nautae
472 957 641 1033 imposuere
663 974 797 1019 coronas.

104 1041 202 1094 tamen
224 1041 254 1094 et
275 1054 404 1115 quernas
426 1037 548 1114 glandes
570 1047 633 1099 tum
655 1043 802 1118 stringere
822 1050 941 1121 tempus
984 1053 1034 1108 000

104 1118 157 1180 uitri
179 1117 266 1182 bacas
288 1120 442 1198 oleamque
465 1129 646 1203 cruentaque
667 1133 771 1204 myrta,

114 1203 236 1280 gruibus
257 1204 377 1282 pedicas
401 1212 430 1265 et
451 1207 525 1265 retia
547 1225 659 1284 ponere
681 1211 777 1268 cervis

104 1304 203 1364 osque
225 1289 309 1366 sequi
330 1287 464 1366 lepores,
486 1297 549 1349 tum
571 1292 662 1368 figere
685 1292 818 1352 dammas

104 1388 153 1449 pea
174 1377 361 1450 torquentem
382 1371 512 1432 Balearis
533 1373 656 1434 verbera
679 1374 798 1443 fundae,

121 1454 172 1514 nix
194 1453 251 1515 alta
272 1456 363 1523 iacet,
387 1455 510 1532 glaciem
532 1474 621 1534 quom
643 1457 762 1518 flumina
783 1459 914 1520 trudunt.
981 1473 1035 1527 310

103 1537 202 1599 uidam
223 1556 307 1598 seros
329 1537 448 1598 hiberni
469 1538 506 1599 ad
526 1538 647 1600 luminis
667 1542 752 1619 ignes
981 1555 1029 1611 09]

103 1621 197 1699 igilat,
220 1622 362 1701 ferroque
383 1623 463 1682 iaces
484 1623 611 1702 inspicat
633 1632 732 1692 acuto;
1042 1635 1046 1641 ’

104 1723 144 1765 ea
165 1705 286 1783 longum
309 1713 397 1767 canui
419 1706 510 1767 solata
530 1707 664 1768 laborem

104 1795 134 1849 00
156 1791 284 1850 coniunx
306 1792 456 1869 percurrit
475 1793 594 1868 pectine
616 1791 699 1860 telas,

104 1871 197 1934 dulcis
219 1875 308 1935 musti
330 1874 458 1935 Volcano
480 1875 618 1952 decoquit
639 1893 775 1937 umorem

104 1955 159 2017 eliis
180 1956 290 2017 undam
312 1958 420 2035 trepidi
441 1958 595 2037 despumat
616 1959 714 2019 aheni.

104 2039 148 2100 uid
170 2046 360 2118 tempestates
384 2043 517 2102 autumni
541 2049 569 2102 et
590 2041 688 2102 sidera
710 2041 814 2108 dicam,

104 2143 131 2195 e,
153 2124 204 2185 ubi
225 2127 283 2185 iam
305 2125 480 2202 breviorque
503 2124 564 2185 dies
587 2132 616 2184 00
636 2121 752 2183 mollior
774 2132 878 2193 aestas,

104 2252 105 2257 η
126 2207 269 2284 vigilanda
291 2208 374 2274 riris;
396 2205 443 2266 vel
464 2223 532 2266 cum
553 2207 613 2266 ruit
633 2204 816 2266 imbriferum
837 2225 898 2276 ver,

104 2307 128 2349 00
149 2290 207 2349 iam
229 2290 339 2367 campis
362 2306 429 2348 cum
450 2290 553 2348 messis
574 2289 721 2348 inhorruit
742 2296 771 2348 00
792 2307 858 2350 cum

104 2378 175 2432 00000
197 2372 227 2431 in
247 2371 333 2432 riridi
354 2369 459 2450 stipuda
480 2371 615 2432 lactentia
636 2373 773 2449 turgent?

104 2474 118 2516 0
141 2472 211 2533 ego,
234 2471 302 2515 cum
323 2454 404 2514 ilaris
425 2472 587 2515 messorem
607 2455 760 2516 induceret
782 2457 858 2517 arvis

104 2536 157 2599 tola
179 2544 207 2599 00
228 2535 324 2615 iragili
344 2539 402 2598 iam
424 2538 581 2616 stringeret
601 2539 713 2600 hordea
736 2539 842 2610 culmo,

104 2621 126 2682 ia
146 2629 301 2682 ventorum
323 2639 501 2682 concurrere
521 2621 633 2699 proelia
653 2624 719 2692 ridi,

126 2705 274 2784 gravidam
294 2703 353 2765 1000
374 2711 502 2782 segetem
525 2705 560 2766 ab
583 2706 730 2767 radicibus
751 2707 816 2767 imis

104 2807 182 2849 mem
205 2787 354 2866 expulsam
377 2794 527 2858 eruerent,
550 2790 589 2848 ita
611 2789 727 2851 turbine
746 2792 831 2867 nigro

104 2879 119 2931 t
139 2873 253 2949 hiemps
276 2871 461 2950 culmumque
482 2871 575 2933 levem
597 2873 775 2952 stipulasque
796 2872 927 2933 volantis.

104 2975 115 3016 e
138 2955 224 3016 etiam
245 2955 421 3015 immensum
444 2954 523 3015 00010
545 2956 624 3015 venit
645 2974 750 3033 agmen
772 2974 922 3034 aquarum,

104 3037 195 3098 tedam
217 3037 381 3114 glomerant
401 3044 603 3116 tempestatem
625 3037 767 3098 imbribus
790 3041 859 3098 atris

104 3127 166 3182 ctae
189 3139 224 3182 ex
246 3119 304 3181 alto
327 3118 435 3189 nubes;
458 3122 517 3181 ruit
538 3122 647 3182 arduus
669 3122 778 3184 aether.

104 3205 173 3265 iuria
195 3203 304 3282 ingenti
325 3213 386 3265 sata
408 3203 482 3265 laeta
504 3204 652 3283 boumque
674 3204 789 3266 labores

104 3293 127 3355 t;
150 3286 308 3366 implentur
329 3288 424 3349 iussae
446 3295 475 3349 00
497 3306 566 3349 cara
588 3288 707 3350 flumina
730 3298 866 3350 crescunt

117 3371 214 3431 sonitu
236 3372 384 3450 ferretque
406 3372 487 3432 iretis
510 3372 687 3450 spirantibus
709 3391 827 3452 aequor.

111 3459 195 3531 pater
216 3453 310 3514 media
331 3454 499 3516 nimborum
521 3456 551 3514 in
573 3462 658 3516 nocte
681 3474 803 3517 corusca

104 3537 149 3597 ina
171 3535 289 3599 molitur
311 3538 429 3602 dextra:
453 3555 510 3618 quo
533 3555 668 3599 maxuma
690 3546 772 3599 motu

114 3648 249 3699 0000000,
268 3650 381 3688 resurr..
863 3633 883 3692 3
