2512 4096
456 285 600 333 VERGIU
614 281 740 332 annus
758 283 807 330 vn

124 442 325 520 Ledaeamque
348 439 488 502 Helenam
511 438 652 500 Troianas
672 441 751 499 vexit
772 439 809 500 ad
832 438 940 500 urhesl

124 526 192 606 quid
213 532 264 587 tna
284 532 384 586 sancta
405 524 497 586 fides?
519 522 589 600 quid
611 539 683 584 eura
705 522 822 600 antiqua
843 531 963 584 tuorum

123 618 152 672 et
174 610 389 686 consanguineo
413 609 521 669 totiens
543 607 610 667 data
632 606 752 668 dextera
774 605 895 667 Turno?

122 695 147 756 si
167 711 260 774 gener
279 699 399 754 externa
421 693 529 770 petitur
552 691 698 768 degente
720 690 830 751 Latinis

122 776 210 858 idque
228 776 311 838 sedet
332 775 484 854 Faunique
504 783 643 852 premunt
663 781 693 835 te
713 776 792 835 iussa
812 776 951 852 parentis,

123 878 240 922 omnem
261 859 397 940 equidem
419 861 543 938 sceptris
561 865 671 919 terram
693 876 769 937 quae
786 857 881 920 libera
902 859 1009 920 nostris

123 943 252 1014 dissidet,
274 951 426 1005 externam
448 961 517 1004 reor
539 950 569 1005 et
590 944 633 1004 sie
654 941 755 1003 dicere
777 943 866 1004 diros.

123 1035 152 1090 et
172 1028 284 1096 Turno,
306 1029 329 1087 si
348 1028 442 1106 prima
465 1028 569 1087 domus
591 1032 742 1106 repetatur
761 1028 854 1104 origo,

123 1111 249 1172 inachus
270 1111 457 1190 Acrisiusque
483 1120 583 1189 patres
603 1112 777 1191 mediaeque
797 1110 955 1188 Mycenae!

165 1194 217 1255 llis
237 1194 289 1256 ubl
308 1196 484 1273 nequiquam
507 1195 592 1256 dictis
612 1203 732 1274 experta
753 1194 888 1254 Latinum

125 1285 226 1339 eontra
247 1284 326 1338 stare
346 1276 425 1338 ridet
443 1280 620 1358 penitusque
641 1281 671 1339 in
693 1281 805 1339 viscera
826 1276 940 1354 lapsum

123 1362 269 1440 serpentis
289 1359 394 1421 luriale
415 1359 524 1421 malum
547 1369 698 1440 totamque
719 1368 862 1439 pererrat,

123 1453 186 1506 tum
202 1462 271 1505 vero
294 1443 404 1515 infelix,
427 1443 594 1523 ingentibus
617 1447 711 1506 excita
732 1447 881 1515 monstris,

123 1531 299 1591 immensum
318 1530 383 1590 sine
403 1546 486 1590 more
508 1529 579 1590 lurit
598 1528 747 1609 lymphata
769 1546 823 1609 per
843 1528 959 1590 urbem.

124 1632 179 1675 ceu
198 1611 347 1692 quondam
366 1618 444 1673 torto
467 1611 589 1672 volitans
606 1613 661 1675 sub
682 1612 806 1675 verbere
826 1613 924 1683 turho,

125 1714 211 1776 quem
232 1697 318 1774 pueri
338 1712 447 1774 magno
468 1698 499 1756 in
521 1713 593 1776 gyro
616 1715 706 1758 vacua
729 1697 803 1758 atria
824 1697 936 1759 circum

124 1781 226 1841 intenti
246 1779 315 1842 ludo
335 1791 473 1842 exercent
496 1778 553 1859 (ille
575 1786 657 1843 actus
679 1780 794 1842 habena

124 1865 249 1926 curratis
270 1865 363 1925 lertur
384 1864 501 1943 spatiis:
524 1871 622 1942 stupet
637 1867 729 1926 inscia
751 1883 840 1944 supra

93 1989 97 1998 -
123 1947 307 2027 inpubesque
329 1965 442 2016 manus,
465 1950 571 2008 mirate
592 1947 721 2009 volubile
743 1948 869 2016 huxum;

125 2032 193 2091 dant
215 2032 328 2091 enlmos
346 2029 474 2109 plagae):
497 2048 558 2090 non
580 2048 671 2092 cursu
694 2032 813 2110 segnior
834 2031 882 2092 illo

123 2132 178 2193 per
199 2113 310 2174 medias
330 2112 420 2174 urbes
442 2115 538 2190 egitur
560 2112 744 2192 populosque
766 2113 890 2177 lerooes.

125 2197 305 2275 quinetiam
326 2197 356 2255 in
379 2195 474 2266 silvas,
498 2195 632 2256 simulato
656 2198 775 2258 numine
796 2197 914 2269 Bacchi,

125 2281 218 2342 maius
241 2280 342 2341 adorta
361 2280 444 2339 nelas
465 2280 666 2359 maioremque
688 2298 754 2342 orsa
774 2282 906 2343 lurorem

125 2363 218 2424 evolat
239 2371 268 2424 et
282 2370 381 2424 natam
399 2363 547 2424 frondosis
567 2364 717 2425 montibus
738 2364 828 2435 ahdit,

126 2466 183 2526 quo
204 2445 365 2507 thalamum
390 2447 498 2526 eripiat,
517 2447 640 2509 Teucris
661 2449 818 2528 taedasque
838 2457 979 2522 moretur,

126 2531 235 2591 ‘euhoe
256 2529 387 2592 Bacche'
409 2531 547 2595 fremens.
572 2533 666 2594 solum
688 2540 718 2594 te
739 2534 854 2611 virgine
877 2534 997 2614 dignum

125 2616 297 2683 vociferans,
323 2616 431 2676 etenim
451 2614 546 2676 mollis
568 2616 621 2678 tibi
642 2634 761 2679 sumere
782 2618 907 2698 thyrsos,

126 2706 153 2760 te
175 2699 301 2761 lustrare
324 2697 425 2769 choro,
448 2717 566 2761 sacrum
587 2699 640 2760 tlhi
661 2719 784 2780 pascere
808 2703 929 2764 crinem.

127 2784 202 2844 lama
225 2781 311 2853 volat,
335 2783 477 2862 furiisque
498 2802 636 2846 accensas
656 2791 777 2863 pectore
798 2793 907 2849 matres

125 2866 202 2927 idem
224 2867 319 2926 omnis
339 2865 426 2926 simul
447 2867 537 2928 ardor
559 2871 619 2945 agit
640 2887 713 2929 nova
736 2888 880 2950 quaerere
897 2878 989 2933 tecta:

126 2950 284 3009 deseruere
306 2948 418 3017 domos,
439 2951 533 3012 ventis
552 2951 622 3012 dant
644 2951 718 3013 colla
738 2971 894 3033 comasque

126 3033 355 3111 pampineasque
376 3042 483 3109 gerunt
502 3036 648 3096 incinctae
669 3034 793 3112 pellibus
813 3038 919 3101 hastas.

127 3125 171 3176 est
194 3113 266 3176 aliae
287 3114 421 3177 tremulis
441 3115 601 3180 ululatibus
623 3119 742 3180 aethera
764 3122 927 3200 complent:

126 3202 199 3280 ipsa,
211 3200 288 3260 inter
310 3200 421 3262 medias
438 3201 612 3280 flagrantem
631 3202 742 3265 fervida
760 3205 865 3283 plnum

127 3284 249 3343 sustinet
268 3302 302 3345 ac
324 3292 410 3345 natae
429 3286 581 3367 Turnique
604 3288 681 3350 canit
700 3287 887 3367 hymenaeos,

127 3368 315 3444 sanguineam
337 3375 479 3447 torquens
501 3373 603 3442 aciem,
626 3379 799 3452 torromque
820 3383 943 3454 repente

127 3451 232 3512 clamat
255 3454 299 3512 ‘io
321 3459 440 3528 matres,
463 3454 569 3526 audite,
592 3455 643 3516 uhi
665 3473 808 3534 quaeque,
833 3458 970 3519 letinae:

128 3538 210 3615 siqua
232 3538 288 3615 plis
308 3537 412 3598 onmis
434 3546 532 3601 manet
550 3539 673 3600 inlehcis
694 3540 814 3602 Amatae

873 3638 934 3700 15*
