2512 4096
490 862 802 966 ·oueun„

163 1138 314 1210 Lue1mus,
339 1137 454 1209 Octavi,
477 1139 580 1218 gracili
601 1139 771 1201 modulante
792 1137 895 1201 Thalia

122 1235 210 1302 atque
232 1229 264 1283 ul
285 1220 416 1283 araneoll
438 1229 557 1284 tenuem
580 1224 770 1284 formavimus
792 1239 903 1284 orsum.

121 1304 260 1366 lusimus:
283 1305 356 1365 haec
377 1313 500 1385 propter
522 1305 623 1369 cuhcis
645 1308 705 1368 sint
727 1308 856 1368 carmina
879 1304 965 1376 dicta,

122 1390 218 1449 omnis
240 1396 269 1449 et
291 1389 431 1449 historiae
453 1407 507 1468 per
528 1387 629 1450 ludum
652 1398 793 1451 consonet
815 1389 888 1450 ordo

124 1472 252 1534 notitiae.
296 1472 402 1532 ducam
425 1490 523 1543 voces,
547 1472 616 1534 licet
636 1473 752 1534 invidus
773 1474 858 1535 adsit.

122 1556 254 1635 quisquis
277 1556 334 1615 erit
355 1554 475 1633 culpare
496 1557 576 1616 iocos
597 1574 769 1636 musamque
790 1562 918 1636 paratus,

121 1638 254 1718 pondere
276 1636 321 1697 vel
344 1631 445 1699 culicis
466 1638 557 1700 levior
579 1639 714 1720 famaque
736 1640 857 1701 leretur.

122 1722 270 1802 posterius
291 1723 427 1800 graviore
447 1739 520 1783 sono
542 1722 597 1784 tihi
618 1742 701 1784 musa
723 1722 859 1803 loquetur

122 1813 238 1875 nostra,
261 1805 373 1867 dahunt
394 1822 460 1867 cunr
479 1813 610 1869 maturos
624 1807 697 1867 mihi
719 1814 852 1885 tempora
874 1805 995 1873 fructus,

121 1895 154 1950 ut
177 1887 237 1947 dibi
260 1888 348 1966 digna
371 1897 421 1948 tuo
441 1888 590 1969 poliantur
612 1891 742 1949 carmina
764 1905 861 1948 sensu
1101 1890 1133 1941 10

164 1971 293 2031 Latonae
315 1972 473 2050 magnique
495 1972 569 2031 lovis
591 1972 696 2039 decus,
719 1988 807 2031 aurea
828 1968 935 2050 proles,

122 2053 259 2115 Phoebus
281 2055 339 2112 erit
360 2056 453 2114 nostri
474 2055 614 2132 princeps
636 2060 666 2114 el
687 2054 827 2113 carminis
848 2059 950 2112 auctor

124 2144 154 2197 et
175 2138 326 2196 recinente
348 2135 410 2215 lyra
433 2136 544 2206 fautor,
567 2137 628 2196 eive
650 2136 755 2196 educat
775 2135 858 2196 illum

123 2221 203 2282 hrna
225 2219 397 2280 Ghimacreo
419 2219 527 2288 Xanthi
548 2219 668 2298 perlusa
689 2218 804 2298 liquore

123 2321 175 2363 seu
198 2302 288 2362 decors
309 2303 441 2362 Asteriae
462 2320 515 2362 sou
537 2320 594 2380 qua
615 2303 755 2363 Parnasia
776 2320 865 2381 rupes
1102 2303 1134 2356 15

123 2386 193 2447 hinc
215 2392 302 2465 atque
323 2385 393 2446 hino
413 2383 513 2464 patula
533 2384 709 2465 praepandit
730 2403 840 2446 cornua
861 2385 959 2445 fronte

124 2467 324 2548 Castaliaeque
345 2486 455 2530 sonans
475 2467 586 2548 hquido
607 2468 683 2548 pede
704 2467 813 2529 labitur
833 2468 922 2530 unda.

124 2570 230 2631 quare,
251 2551 342 2612 Pierii
363 2549 458 2614 laticle
480 2551 583 2623 decus,
606 2553 661 2622 ite,
684 2570 802 2613 sorores

123 2634 240 2706 naides,
263 2642 293 2695 et
315 2632 462 2696 celebrate
485 2635 571 2696 deum
594 2634 752 2716 plaudente
775 2638 898 2706 chorea:

123 2729 153 2780 et
175 2726 206 2779 lu
227 2725 328 2779 sancta
349 2718 447 2789 Pales,
470 2718 507 2779 ad
529 2737 617 2799 quam
638 2718 716 2781 hona
738 2721 823 2782 turha
844 2720 973 2781 recurrit
1099 2729 1137 2780 20

123 2809 272 2880 agrestum
294 2818 397 2861 secura
419 2800 476 2862 sihi
497 2819 549 2862 sua
570 2819 641 2862 rura
662 2808 805 2875 tenentes,

124 2885 220 2944 aerios
241 2901 396 2942 nemorum
418 2883 508 2943 saltus
530 2882 674 2961 silvasque
695 2885 826 2951 virentia,

124 2975 153 3027 te
176 2965 297 3026 cultrice
319 2982 408 3042 vagus
429 2965 520 3025 saltus
541 2965 621 3024 seror
643 2966 721 3024 inter
743 2972 772 3026 et
793 2974 886 3026 antra.

165 3049 202 3110 Et
223 3056 268 3119 tu,
292 3048 339 3108 cul
359 3049 473 3108 meritis
495 3048 589 3108 oritur
610 3046 715 3108 fiducia
737 3048 833 3117 tantis,

125 3132 225 3193 Octavi
246 3131 428 3203 venerande,
451 3133 525 3192 meis
546 3129 684 3192 adlabere
707 3133 826 3210 coeptis,
1097 3139 1132 3192 25

123 3222 224 3278 sancto
245 3233 334 3295 puer,
357 3215 411 3276 tihi
432 3232 559 3296 namquo
607 3259 981 3278 ........

124 3301 207 3361 trlste
229 3299 304 3359 lovis
325 3298 488 3378 Rhoetiquc
510 3299 588 3360 canit
610 3316 670 3359 nou
691 3300 797 3378 pagina
818 3297 936 3370 bellum,

123 3382 250 3461 Phlegra
273 3381 415 3460 Giganteo
437 3400 538 3462 sparsa
560 3390 605 3443 est
625 3401 683 3462 quo
705 3383 847 3462 sanguine
870 3381 963 3452 tellus,

125 3485 179 3528 nec
202 3467 381 3529 Centaureos
402 3465 541 3545 Lapithae
562 3464 712 3546 compellit
732 3468 763 3526 in
786 3484 886 3537 enses;
