2512 4096
402 281 545 330 vacnum
561 279 686 328 AENEIS
703 281 737 327 VI

70 439 193 502 floribus
210 438 342 518 insidunt
364 436 450 497 variis
474 443 502 497 et
523 435 645 496 candida
662 435 773 494 circum

70 522 128 584 iilia
149 521 325 590 tunduntur,
347 521 449 598 strepit
470 520 565 579 omnis
586 535 738 578 murmure
761 533 888 594 campus.

70 606 214 668 horrescit
236 605 296 664 visu
315 603 411 664 subito
434 620 595 680 causasque
614 601 737 679 requirit
1031 606 1081 662 tto

69 691 178 750 inscius
198 688 324 756 deneas,
349 704 423 764 quae
444 687 501 745 sint
524 703 557 746 ea
577 684 696 744 ssumina
715 701 820 761 porro,

70 774 156 850 quive
176 772 231 831 viri
253 777 332 830 tanto
355 769 528 846 complerint
545 769 660 847 agmine
677 769 765 844 ripas.

70 864 131 917 tum
150 862 233 933 pater
255 852 396 913 Anchises
419 853 562 924 ‘animam
585 851 691 930 quibus
711 850 802 912 altera
824 850 881 910 iato

69 949 195 1016 corpora
217 936 377 1006 debentur,
398 934 515 996 Lethaei
535 935 571 995 ad
593 933 719 995 fluminis
740 933 848 995 undam

69 1038 190 1082 securos
212 1019 311 1080 latices
333 1027 362 1079 et
383 1017 469 1096 longa
491 1017 594 1079 oblivia
617 1024 726 1096 potant.
1032 1023 1083 1077 tlt

69 1101 160 1183 *[has
180 1103 315 1180 equidem
336 1119 501 1164 memorare
522 1102 574 1162 tibi
595 1109 682 1180 atque
704 1100 859 1162 ostendere
882 1095 995 1176 coram]

69 1185 243 1262 iampridem
264 1185 340 1244 hanc
361 1184 475 1262 prolem
498 1187 583 1262 cupio
606 1202 779 1246 enumerare
800 1199 949 1249 meorum,

70 1287 129 1345 quo
149 1268 240 1344 magis
263 1265 342 1327 italia
364 1286 479 1328 mecum
501 1268 609 1328 laetere
630 1265 773 1347 reperta!

70 1361 104 1410 ‘o
125 1359 226 1432 pater,
243 1368 318 1412 anne
340 1349 449 1427 aliquas
470 1351 506 1410 ad
528 1351 640 1412 caelum
664 1351 732 1412 hine
753 1352 799 1412 ire
816 1348 1005 1427 putandumst

69 1433 201 1496 sublimis
223 1435 333 1493 animas
350 1434 516 1510 iterumque
534 1434 571 1494 ad
589 1435 672 1495 tarda
693 1435 800 1495 reverti
1032 1441 1083 1496 tto

71 1518 214 1596 corporat
238 1535 312 1595 quae
334 1515 407 1577 lucis
425 1518 540 1578 miseris
559 1525 618 1578 tam
639 1518 702 1578 dira
719 1514 856 1597 cupidoi'

71 1602 183 1661 ‘dicam
206 1600 341 1678 equidem
363 1617 418 1661 nec
440 1608 467 1661 te
490 1606 679 1678 suspensum,
702 1608 785 1671 nate,
804 1599 925 1662 tcuebo'

69 1685 190 1762 suscipit
211 1683 366 1753 Anchises,
390 1691 477 1761 atque
501 1685 604 1746 ordine
625 1684 737 1762 singula
760 1684 870 1763 pandit.

71 1768 228 1845 ‘principio
250 1765 363 1827 caelum
385 1786 419 1828 ac
440 1775 550 1829 terram
569 1786 746 1847 camposque
763 1767 899 1846 liquentis

69 1850 273 1928 lucentemque
295 1850 414 1928 globum
436 1851 522 1913 lunae
544 1852 715 1930 Titaniaque
736 1861 813 1912 astra
1033 1858 1083 1912 tas

69 1936 189 2011 spiritus
206 1934 284 1993 intus
306 1932 368 2003 alit,
391 1941 539 2013 totamque
561 1935 654 1995 iniusa
678 1952 731 2012 per
754 1941 834 1994 artus

69 2034 152 2077 mens
175 2017 263 2094 agitat
284 2016 391 2077 molem
411 2025 439 2076 et
461 2034 568 2093 magno
590 2034 621 2077 se
641 2034 767 2094 corporo
786 2017 897 2076 miscet.

69 2100 136 2158 inde
157 2099 308 2158 hominum
332 2099 537 2177 pecudumque
558 2116 651 2176 genus
672 2100 805 2176 vitaeque
827 2097 972 2158 volantum

70 2188 99 2243 et
118 2199 193 2259 quae
214 2197 380 2256 marmoreo
399 2181 456 2241 fert
478 2189 608 2241 monstra
630 2180 683 2241 sub
707 2198 836 2260 aequore
857 2190 972 2257 pontus.

69 2268 172 2342 igneus
196 2271 240 2323 est
258 2262 321 2322 ollis
343 2265 425 2340 vigor
449 2271 478 2324 et
501 2262 631 2324 caelestis
654 2265 736 2340 origo
1032 2273 1083 2328 730

69 2346 244 2415 seminibus,
266 2353 406 2424 quantum
426 2342 487 2407 non
508 2363 632 2423 corpora
652 2363 738 2408 nona
759 2347 874 2408 tardant

70 2431 240 2507 terrenique
262 2429 401 2490 hebetant
423 2439 503 2491 artus
523 2429 758 2509 moribundaque
779 2430 922 2492 membra.

69 2515 137 2574 idne
158 2520 292 2574 metuunt
316 2515 508 2592 cupiuntque,
532 2513 631 2575 dolent
649 2513 850 2594 gaudentque,
879 2533 975 2593 neque
997 2534 1082 2576 auras

68 2597 224 2675 dispiciunt
247 2596 362 2658 clausae
383 2597 512 2659 tenebris
537 2605 564 2658 et
587 2615 706 2660 carcere
728 2616 825 2660 caeco.

69 2683 139 2758 quin
159 2687 188 2742 et
209 2696 346 2760 supremo
369 2699 437 2742 cum
457 2680 568 2765 lumine
588 2684 644 2742 vita
664 2680 796 2762 reliqmt,
1032 2690 1081 2745 735

67 2781 126 2824 non
148 2773 244 2826 mmen
265 2783 352 2825 omno
373 2766 482 2826 malum
504 2766 617 2826 miseris
640 2784 695 2826 nec
717 2765 847 2828 funditus
869 2784 969 2828 omnes

69 2866 228 2926 corporeae
251 2850 395 2909 excedunt
416 2855 532 2927 pestes,
555 2851 729 2927 penitusque
750 2867 870 2911 necesse
892 2860 936 2910 est

68 2930 157 2991 multa
177 2933 226 2991 diu
248 2938 385 2991 concreta
406 2931 500 2991 modis
521 2931 682 2993 inolescere
702 2934 793 2992 miris.

69 3031 139 3092 ergo
162 3020 335 3075 exercentur
354 3015 457 3090 poenis
477 3021 669 3092 veterumque
692 3014 837 3075 malorum

67 3095 207 3175 supplicia
224 3097 400 3174 expendunt.
444 3095 517 3159 aliae
537 3098 705 3175 panduntur
726 3100 826 3158 inanes
997 3170 1002 3175 ¹
1033 3107 1084 3163 740
1187 3116 1189 3120 ’

68 3197 226 3257 suspensae
247 3180 284 3242 ad
305 3188 421 3251 ventos,
440 3180 503 3241 aliis
526 3181 581 3242 sub
605 3183 720 3260 gurgite
741 3187 821 3241 vasto

67 3263 207 3324 iniectum
229 3263 334 3327 eiuittu
356 3264 451 3326 scelus
473 3273 522 3327 aut
543 3266 674 3327 exuritur
689 3266 765 3343 igni:

67 3349 161 3409 donec
182 3348 268 3425 longa
290 3347 366 3418 dies,
390 3349 522 3427 perfecto
544 3351 684 3428 temporis
706 3348 792 3418 orbe,
1033 3357 1086 3411 tto

67 3437 233 3493 concretam
256 3433 362 3492 exemit
380 3432 480 3494 labem
503 3451 670 3513 purumque
692 3431 830 3510 relinquit

67 3515 228 3577 aetherium
251 3532 368 3577 sensum
390 3523 477 3594 atque
501 3519 581 3580 aurai
604 3516 740 3595 simplicis
763 3517 869 3591 ignem.

808 3614 869 3672 14*
