2512 4096
143 261 206 324 392
460 271 491 317 r.
515 268 661 318 veneror
683 269 841 318 ussurus

143 427 194 488 illo
217 444 274 505 quo
296 426 425 504 primurn
447 423 613 484 dominatus
634 424 727 484 Roma
749 424 899 503 superbos

186 510 308 570 mutavit
329 507 451 586 placidis
472 514 605 587 tempore
627 507 804 568 consulibus,

143 591 250 662 multa,
274 610 370 670 neque
391 592 551 661 inmeritis,
576 591 693 652 donavit
713 592 846 669 praemia
869 591 1017 664 alumnis,

186 677 318 756 praemia
339 674 480 736 Messallis
502 678 628 735 maxima
649 672 817 753 Poplicolis.
1138 681 1166 733 ⁴⁰

145 779 214 824 nam
237 759 307 839 quid
329 776 384 836 ego
405 760 532 819 inmensi
554 777 715 819 memorem
738 757 835 818 studia
856 759 914 818 ista
937 757 1078 827 lahorisl

187 843 309 904 horrida
331 841 402 922 quid
424 842 515 902 durae
536 850 671 921 tempora
692 841 834 901 militiae?

146 934 242 988 castra
264 926 329 987 loro
352 925 468 996 solitos,
491 924 559 985 urbi
579 943 765 1005 praeponere
787 931 895 994 castra,

187 1018 248 1070 tam
269 1008 374 1089 procul
395 1010 453 1069 hoc
473 1009 571 1078 Latio,
594 1018 654 1069 tam
675 1007 779 1086 procul
801 1008 858 1067 hac
880 1009 1004 1086 patria?

146 1093 330 1154 inmoderata
352 1094 413 1172 pati
434 1094 493 1152 iam
514 1091 625 1170 frigora
647 1094 764 1170 iamque
786 1089 921 1151 calores?
1140 1099 1164 1151 lt

188 1185 314 1239 stertere
335 1177 382 1236 vel
403 1176 476 1240 dura
497 1193 584 1254 posse
607 1193 697 1254 super
718 1173 819 1235 silicet

146 1278 234 1340 saepe
255 1268 368 1321 trucem
392 1260 514 1320 adverso
534 1258 649 1337 perlabi
670 1258 767 1318 sidere
788 1258 933 1336 pontum?

188 1362 275 1422 saepe
297 1361 379 1404 mare
402 1343 535 1404 audendo
558 1344 691 1411 vincere,
715 1359 803 1420 saepe
825 1341 980 1401 hiememi

146 1446 234 1506 saepe
257 1428 344 1488 etiam
366 1427 473 1487 densos
494 1428 643 1487 inmittere
665 1442 772 1504 corpus
793 1426 824 1483 in
847 1425 951 1485 hostes
1209 1490 1212 1495 ,

189 1528 375 1571 communem
397 1509 468 1570 belli
487 1526 543 1570 nec
564 1511 696 1570 timuisse
719 1507 824 1568 deum?
1138 1517 1164 1568 tc
1209 1538 1215 1571 ι.

147 1612 226 1656 nunc
248 1592 361 1653 celeres
381 1593 477 1662 Afros,
501 1595 638 1672 periurae
660 1592 740 1653 milia
763 1593 870 1668 gentis,
1211 1580 1227 1707 Ξι

189 1693 277 1736 aurea
300 1694 378 1736 nunc
400 1676 497 1754 rapidi
518 1676 639 1736 ilumina
660 1676 742 1736 adire
764 1675 855 1753 Tagi?

147 1776 226 1821 nuno
248 1758 336 1820 aliam
358 1777 394 1820 ex
416 1759 471 1819 alia
494 1758 630 1818 bellando
653 1776 796 1838 quaerere
819 1764 953 1836 gentem,

189 1845 307 1904 vincere
329 1851 358 1903 et
380 1842 490 1905 Oceani
510 1842 617 1903 finibus
638 1841 778 1904 ulteriusl
1218 1902 1221 1907 ,

147 1945 208 1987 non
229 1937 363 1988 nostrum
385 1935 430 1987 est
452 1934 555 1996 tantas,
580 1944 648 1997 non,
670 1928 799 2005 inquam,
823 1925 974 2003 attingere
998 1925 1117 2002 laudes,
1139 1937 1166 1990 tt

189 2013 261 2090 quin
282 2011 376 2071 ausim
397 2011 454 2070 hoc
477 2012 564 2070 etiam
587 2011 700 2079 dicere,
725 2011 770 2069 vix
791 2008 949 2074 hominum
974 2020 1038 2072 est:

146 2094 211 2172 ipsa
233 2093 319 2164 haec,
342 2096 405 2171 ipsa
428 2094 525 2153 serent
547 2112 648 2153 rerum
670 2099 862 2153 monumenta
884 2110 943 2170 per
967 2094 1090 2166 orbem,

188 2179 252 2254 ipsa
274 2176 331 2237 sibi
354 2178 505 2254 egregium
528 2177 603 2237 lecta
626 2177 716 2236 decus
736 2176 867 2255 parient;

148 2278 201 2319 nos
224 2279 258 2319 ea
281 2278 355 2338 quae
377 2266 475 2320 tecum
496 2261 645 2320 linxerunt
666 2260 805 2320 carmina⁴
819 2258 887 2328 divi,

190 2342 330 2421 Cynthius
353 2350 383 2402 et
402 2342 516 2413 Musae,
539 2344 672 2403 Bacchus
694 2351 724 2403 et
744 2342 852 2420 Aglaie.
1026 2349 1028 2352 ⁴
1139 2355 1169 2407 oo

146 2427 173 2485 si
194 2425 312 2486 laudem
334 2426 500 2504 adspirare,
523 2425 642 2486 humilis
664 2428 689 2485 si
711 2425 793 2486 adire
815 2443 969 2502 camenas,

189 2509 215 2568 si
235 2510 331 2587 patrio
354 2509 458 2569 Graios
481 2512 611 2570 carmine
633 2509 715 2569 adire
737 2508 812 2569 sales

147 2609 317 2670 possumus,
341 2594 447 2670 optatis
469 2592 535 2671 plus
555 2595 614 2653 iarn
635 2593 824 2670 procedimus
845 2593 935 2672 ipsis:

189 2675 246 2735 hoc
268 2676 337 2734 satis
360 2682 418 2744 est;
441 2676 543 2753 pingui
565 2675 606 2735 nil
627 2677 701 2735 milri
723 2693 790 2736 cum
811 2674 933 2754 populo.

636 2827 697 2888 Xll.

147 2927 252 3004 rlspice
289 2943 377 3006 quem
399 2923 493 2986 valido
515 2925 672 2987 subnixum
695 2926 787 3004 gloria
809 2943 903 3004 regno

190 3009 276 3070 altius
298 3018 327 3070 et
349 3008 422 3070 oaeli
444 3009 563 3071 sedibus
585 3010 741 3072 extulerat:

147 3101 295 3155 terrarum
316 3094 365 3154 hic
386 3092 463 3154 bello
485 3112 624 3171 magnum
647 3100 835 3154 concusserat
856 3093 973 3166 orbem,

189 3178 238 3237 hic
260 3194 345 3252 reges
367 3178 451 3237 Asiae
472 3177 615 3254 fregerat,
638 3178 687 3237 hic
709 3176 846 3257 populos3

147 3259 196 3319 hic
218 3276 306 3334 grave
327 3260 478 3319 servitium
499 3262 553 3320 tibi
573 3263 648 3330 iam,
672 3261 738 3330 tihi,
761 3261 868 3328 Roma,
892 3258 1016 3324 terebat

191 3341 299 3420 (cetera
322 3358 448 3420 namque
470 3345 525 3402 viri
547 3343 668 3421 cuspide
691 3341 901 3421 conciderant),

147 3442 216 3484 cum
237 3421 333 3482 subito
355 3425 387 3482 in
409 3425 505 3484 medio
527 3445 628 3487 rerum
651 3429 811 3488 certamine
833 3442 979 3506 praeceps

191 3507 315 3577 corruit,
340 3525 355 3567 e
376 3509 470 3586 patria
493 3509 594 3587 pulsus
615 3513 648 3571 in
670 3510 813 3571 exsilium.
