2512 4096
170 175 174 187 ¹
218 80 223 86 ’
338 115 482 166 vuemm
503 116 706 166 eucnemon
730 116 796 163 1111.
1033 102 1072 166 83

56 273 127 352 quin
148 272 228 351 ipsae
250 279 389 351 stupuere
412 270 515 332 domus
536 282 623 350 atque
644 272 744 332 intima
765 270 828 333 Leli

59 355 181 417 Tartara
204 354 413 434 caeruleasque
435 355 578 433 implexae
600 353 730 415 crinibus
751 372 862 433 angues

59 437 250 508 Eumenides,
272 440 422 518 tenuitque
443 439 558 499 inhians
578 440 634 498 tria
656 436 802 500 Cerberus
824 456 885 507 ora,

60 528 147 601 atque
168 523 270 584 Ixionii
290 531 379 584 cantu
400 529 464 583 rota
487 522 614 584 constitit
635 521 724 582 orbis.

59 606 174 684 iamque
194 606 301 686 pedem
322 607 455 667 referens
477 610 561 666 'casus
583 611 715 666 evaserat
736 607 839 675 omnis,
1021 615 1073 670 485

59 689 230 768 redditaque
252 690 397 769 Eurydice
418 707 540 769 superas
561 687 695 750 veniebat
716 688 753 748 ad
774 706 861 749 auras

58 788 136 852 pone
157 791 283 852 sequens
305 773 440 853 (namque
461 773 538 834 hanc
559 772 681 834 dederat
700 772 875 851 Proserpina
898 771 1014 852 legem),

58 872 126 917 cum
148 857 243 918 subita
265 859 415 919 incautum
437 857 581 918 dementia
604 857 680 935 cepit
701 862 861 925 amantem,

58 939 237 1018 ignoscenda
259 941 389 1020 quidem,
413 942 522 1002 scirent
543 942 567 1001 si
588 942 742 1018 ignoscere
763 956 879 1001 manes:

57 1025 175 1092 restitit,
200 1025 423 1103 Eurydicenque
444 1043 528 1085 suam
549 1026 606 1085 iam
628 1022 694 1085 luce
716 1023 771 1085 sub
793 1025 855 1100 ipsa
1022 1031 1074 1087 490

57 1107 213 1169 immemor
234 1107 293 1167 beu
315 1109 464 1186 victusque
485 1108 573 1168 animi
593 1108 731 1185 respexit.
776 1105 815 1166 ibi
838 1107 932 1165 omnis

57 1190 168 1252 cresus
189 1188 274 1250 labor
296 1196 382 1267 atque
404 1190 520 1250 immitis
540 1198 626 1269 rupta
648 1189 763 1269 tyranni

57 1273 178 1334 foedera
201 1279 306 1352 terque
327 1273 428 1349 fragor
448 1274 571 1350 stagnist
591 1273 707 1334 auditus
728 1273 841 1334 Averni.

57 1356 105 1417 illa
129 1357 209 1437 ‘quis
231 1362 261 1416 et
282 1354 344 1416 me'
366 1357 459 1435 inquit
481 1356 632 1417 ‘miseram
654 1364 684 1418 et
704 1362 733 1416 te
753 1355 895 1435 perdidit,
925 1356 1055 1435 Orpbeu,

58 1442 123 1520 quis
144 1446 242 1501 tantus
264 1439 366 1500 iurari
409 1457 446 1500 eu
468 1442 574 1500 iterum
596 1439 723 1501 crudelia
745 1447 825 1501 retro
1021 1453 1071 1507 495

41 1522 117 1595 ,lata
137 1530 257 1592 vocant,
281 1522 437 1602 conditque
458 1526 586 1584 natantia
609 1523 716 1585 lumina
738 1541 867 1585 somnus.

59 1607 174 1685 iamque
196 1605 273 1667 vale:
319 1606 399 1668 feror
420 1607 530 1683 ingenti
553 1609 729 1668 circumdata
747 1604 838 1668 ¹nocte

59 1688 254 1769 invalidasque
276 1690 327 1751 tibi
348 1691 485 1762 tendens,
509 1691 567 1752 beu
589 1709 648 1751 non
670 1698 732 1762 tua,
754 1691 866 1769 palmas
891 1739 897 1751 .
922 1737 929 1752 .
954 1736 961 1750 .
987 1689 1003 1751 .'

61 1771 146 1841 dixit,
169 1779 199 1834 et
220 1792 255 1833 ex
276 1773 367 1836 oculis
388 1774 484 1836 subito
507 1793 562 1835 ceu
584 1775 680 1835 fumus
701 1777 732 1835 ln
754 1791 840 1835 auras

61 1856 232 1916 commixtus
253 1860 346 1919 tenuis
369 1858 442 1936 fugit
463 1859 591 1927 diversa,
614 1876 711 1936 neque
732 1857 813 1917 illum

58 1946 245 2018 prensantem
266 1944 442 2021 nequiquam
464 1942 585 2003 umbras
607 1948 636 2000 et
656 1939 746 2000 multa
768 1938 912 2000 volentem

58 2020 156 2084 dicere
177 2031 329 2102 praeterea
351 2025 433 2091 vidit;
478 2042 533 2085 nec
554 2024 677 2101 portitor
700 2021 768 2082 Orci

58 2105 181 2184 amplius
204 2107 350 2167 obiectam
371 2122 474 2184 passus
495 2107 619 2165 transire
640 2103 786 2182 paludem.

56 2189 127 2269 quid
148 2189 276 2251 laceret?
320 2207 378 2267 quc
399 2206 432 2249 se
453 2194 535 2267 rapta
557 2187 602 2248 bis
625 2189 748 2264 coniuge
770 2189 879 2251 ferreti

57 2291 116 2352 quo
138 2271 208 2334 lietu
230 2273 339 2341 manis,
363 2290 438 2351 quae
459 2273 579 2333 numina
601 2289 671 2332 voce
693 2275 843 2334 moverctl

58 2354 119 2436 [illa
142 2357 259 2435 quidem
283 2355 379 2434 Stygia
400 2354 490 2417 nabat
511 2357 568 2416 iam
590 2355 693 2433 frigida
716 2356 846 2440 cumba]

56 2446 169 2518 septem
191 2439 272 2500 illum
294 2446 370 2499 totos
391 2439 546 2518 perhibent
568 2458 603 2500 ex
626 2440 727 2500 ordine
749 2458 864 2502 menses

56 2540 131 2600 rupe
151 2521 207 2583 sub
231 2525 309 2583 aeria
331 2523 439 2584 deserti
461 2523 497 2583 ad
519 2523 680 2602 Strymonis
702 2524 811 2586 undam

56 2602 142 2680 llesse
164 2604 220 2666 sibi
242 2613 271 2667 et
291 2606 393 2682 gelidis
415 2607 488 2668 baec
509 2606 649 2668 evolvisse
670 2607 724 2668 sub
748 2609 832 2670 astris

56 2687 232 2750 mulcentem
254 2691 337 2767 tigris
358 2697 387 2750 et
408 2697 542 2767 agentem
565 2691 693 2752 carmine
716 2710 856 2771 quercus;

56 2770 150 2850 qualis
171 2771 296 2856 populea
318 2791 452 2834 maerens
474 2772 629 2851 philomela
651 2773 705 2834 sub
729 2775 833 2836 umbra

56 2854 178 2916 amissos
199 2858 331 2935 queritur
354 2857 442 2926 letus,
466 2875 538 2935 quos
561 2857 652 2917 durus
674 2864 771 2917 arator

56 2936 216 2999 observans
237 2941 306 3000 nido
329 2939 465 3018 inplumis
486 2940 628 3007 detraxit;
652 2946 681 2999 at
703 2938 750 2999 illa

55 3021 107 3083 llet
128 3028 259 3094 noctem,
281 3041 422 3102 ramoque
445 3024 549 3085 sedens
571 3021 736 3083 miserabile
759 3042 877 3086 carmen

55 3105 197 3183 integrat,
221 3112 250 3167 et
271 3109 388 3168 maestis
409 3105 466 3167 late
488 3106 551 3166 loca
573 3104 725 3186 questibus
747 3107 855 3187 implet.

55 3187 268 3259 nullalenus,
291 3208 351 3251 non
373 3189 424 3252 ulli
446 3191 573 3250 animum
596 3189 704 3251 llexere
726 3190 887 3270 hymenaei.

55 3269 136 3333 solus
156 3272 356 3352 hyperboreas
378 3272 485 3351 glacies
507 3274 685 3351 Tanaimque
707 3274 830 3336 nivalem

55 3371 182 3435 arvaque
204 3356 340 3434 Riphaeis
362 3375 522 3436 numquam
544 3357 657 3418 viduata
679 3359 791 3434 pruinis

824 3459 866 3517 60
