2512 4096
121 308 206 358 XXVI
427 306 475 352 Du
497 306 579 353 VITA
601 307 645 354 ET
668 305 820 355 scaffnis

117 468 230 523 ineunte
246 464 322 527 716,
343 481 398 537 quo
419 463 526 537 quidem
547 474 669 538 tempore
689 465 774 538 ipsius
795 472 822 520 et
843 463 911 519 iama
931 466 1037 538 ingenii
1060 467 1134 521 inter

117 549 215 605 doctos
240 547 331 604 adulta
357 555 384 604 et
409 549 496 622 gratia
520 548 590 623 apud
615 548 794 604 Maecenatem
815 549 879 603 satis
905 546 1011 604 firmata
1031 560 1091 604 erat
1099 543 1132 620 ¹).

119 642 200 706 atque
221 639 251 686 ut
272 632 392 705 singulas
414 634 564 707 georgicon
586 640 676 706 partes
691 631 783 687 amicis
798 631 841 686 vel
862 630 917 704 legi
932 631 974 687 vel
990 631 1064 687 mitti
1080 634 1133 688 iam

118 723 182 772 ente
195 716 381 771 recitationem
395 717 458 770 anni
474 715 533 772 725
549 723 685 789 parerat,
703 716 741 770 ita
755 714 881 770 Horatius
896 716 947 770 iam
962 714 1052 772 multo
1069 725 1133 771 ante

119 807 147 855 et
161 799 310 874 georgicon
324 797 335 852 1
350 798 411 857 512
426 815 469 872 sq.
491 801 519 854 in
533 800 613 854 satira
627 797 637 852 1
654 798 687 862 1,
710 797 771 853 114
786 815 828 872 sq.
850 799 968 854 imitatus
989 807 1033 854 est
1054 807 1083 854 et
1104 802 1133 856 in

118 883 128 938 Ι
146 883 195 947 10,
209 881 251 938 44
263 881 363 938 ‘molle
378 891 459 955 atque
474 882 607 938 facetum'
622 880 772 957 gaudentes
786 897 850 937 rure
865 880 992 938 Camenas
1007 881 1131 955 Vergilio

123 966 249 1022 adnuisse
264 965 432 1039 praedicavit.

202 1049 243 1104 nd
258 1048 393 1105 Octaviani
412 1065 456 1105 res
471 1056 562 1124 gestas
577 1048 698 1106 uersibus
713 1048 878 1105 exornandas
891 1065 923 1122 se
938 1065 1000 1105 mcx
1016 1049 1130 1124 adgres-

118 1148 214 1189 surum
228 1148 288 1190 esse
301 1134 462 1208 promiserat
477 1149 521 1206 ge.
533 1131 617 1190 11146
628 1149 700 1205 sqq„
716 1131 764 1188 sed
778 1140 882 1189 mutato
897 1149 953 1190 non
967 1133 1027 1188 sine
1042 1135 1131 1207 ipsius

119 1217 287 1291 imperatoris
308 1218 469 1274 auctoritate
489 1216 603 1272 consilio
629 1217 736 1272 interim
762 1215 845 1272 iuliae
870 1218 960 1291 gentis
979 1225 1008 1272 et
1034 1216 1132 1291 populi

119 1298 232 1357 Romani
252 1302 373 1375 origines
392 1302 518 1357 Aeneide
537 1298 654 1356 condere
673 1300 791 1356 instituit
811 1302 902 1356 statim
921 1307 985 1374 post
1005 1298 1133 1357 absoluta

119 1384 263 1458 georgica,
285 1384 313 1440 h.
330 1400 355 1440 e.
372 1401 441 1441 anno
458 1382 529 1441 725.
560 1384 603 1439 cui
617 1384 817 1457 componendae
832 1400 912 1440 omne
927 1384 1001 1458 quod
1016 1400 1133 1458 supere·

97 1474 162 1523 ·rat
182 1467 251 1523 vitae
271 1476 379 1540 tempus
400 1469 522 1524 undecim
537 1469 612 1522 annis
632 1460 806 1541 impendit2).
843 1469 977 1525 nascentis
997 1473 1133 1543 poematis

121 1549 217 1607 mnsam
237 1565 307 1606 anno
324 1550 384 1608 titt
400 1551 443 1607 vel
459 1551 518 1610 729
534 1552 686 1625 auspicatus
708 1559 750 1607 est
769 1551 927 1626 Propertius
948 1551 990 1607 his
1007 1552 1133 1609 versibus

12 1695 17 1704 .
122 1633 376 1708 11134,59sqq.:

271 1733 313 1773 me
328 1721 402 1774 iuvet
416 1718 550 1774 hesternis
564 1721 682 1792 positum
698 1717 827 1794 languere
843 1718 962 1781 corollis,

324 1819 404 1876 quem
419 1802 511 1876 tetigit
524 1802 597 1858 iactu
611 1811 703 1859 certus
717 1802 749 1858 ad
766 1818 827 1858 ossa
842 1802 918 1866 dens,

272 1888 347 1943 Actia
362 1885 509 1959 Vergilium
524 1887 644 1942 custodis
659 1886 740 1942 litora
754 1884 864 1949 Phoebi,

326 1969 444 2027 Caesaris
461 1977 488 2025 et
503 1969 588 2026 iortes
605 1971 693 2026 dicere
706 1986 789 2045 posse
803 1978 884 2032 rates,

273 2057 319 2129 qui
335 2071 408 2112 nunc
422 2056 528 2110 Aeneae
543 2053 650 2111 Troiani
664 2055 777 2110 suscitat
791 2068 862 2109 arma

322 2141 445 2212 iactaque
459 2137 566 2195 Lavinis
581 2139 687 2195 moenia
700 2135 835 2194 litoribus.

273 2223 360 2278 cedite
374 2221 486 2278 Romani
500 2224 662 2296 scriptores,
678 2221 766 2278 cedite
782 2219 856 2276 Grai:

323 2306 412 2361 nescio
431 2303 494 2380 quid
509 2308 594 2361 maius
609 2306 729 2361 nascitur
744 2297 864 2376 lliadc.³)

122 2449 146 2502 p.
165 2436 197 2486 96
215 2448 273 2500 sqq.
293 2447 354 2484 cum
371 2448 396 2482 v.
415 2435 448 2484 99
464 2435 565 2485 Varius
587 2432 662 2484 solus
679 2438 808 2483 narretur
825 2432 940 2483 Canusii
957 2432 1134 2498 discessisse,

123 2499 259 2566 Vergilius
273 2516 334 2550 cum
346 2502 444 2550 ceteris
461 2500 640 2551 Brundisium
656 2514 742 2566 nsque
759 2503 833 2552 viam
853 2499 987 2565 carpsisse
1005 2505 1133 2552 statuen-

122 2568 173 2619 dus
188 2573 312 2700 ¹‘imitandis
334 2639 424 2686 etenim
445 2635 505 2685 miii
527 2641 551 2684 te
571 2636 630 2698 fore
652 2634 753 2686 oiraa't:
780 2637 887 2699 optimus
910 2635 967 2684 olan
993 2632 1132 2698 Vergilius,

118 2708 184 2819 poetl
199 2703 271 2820 aficere
290 2703 387 2820 Granius
408 2704 500 2753 demere
522 2703 584 2766 quid
610 2705 702 2752 eeeem’
724 2701 859 2752 Horatius
881 2704 935 2750 sat.
952 2701 966 2749 I
984 2702 1013 2763 6,
1038 2704 1072 2752 54
1091 2717 1131 2767 sq.

121 2784 192 2821 con.
339 2803 346 2818 .

187 2833 209 2886 ²)
229 2806 336 2900 ‘postea
353 2837 386 2886 ad
402 2838 518 2900 Augusto
536 2837 675 2887 Aeneidem
688 2837 851 2899 propositam
867 2836 972 2898 scripsit
994 2836 1069 2884 annis
1087 2851 1133 2885 un·

121 2902 213 2962 decim;
231 2905 279 2952 red
295 2919 342 2953 nec
353 2905 494 2954 emendavit
510 2918 555 2953 nec
567 2900 662 2953 edidit’
682 2902 795 2954 Servius
807 2904 837 2958 in
848 2902 916 2956 rita.
941 2901 1078 2952 ‘Aeneida
1089 2902 1134 2951 XI

119 2971 234 3035 perfecit
250 2973 340 3020 annie'
357 2971 485 3021 Donatus
502 2987 527 3036 p.
541 2970 587 3031 60,
600 2972 616 3020 6
628 2971 660 3021 R.
681 2968 734 3018 ‘die
750 2985 814 3021 sena
830 2971 953 3021 uolumina
969 2983 1047 3018 sacro
1064 2969 1133 3019 For·

122 3039 198 3087 mavit
216 3039 311 3088 donata
329 3040 388 3089 duci
405 3039 536 3089 trieteride
555 3040 663 3103 quarta'
682 3036 790 3088 Phocus
808 3052 834 3088 v.
854 3038 904 3087 100
921 3049 961 3100 sq.
985 3036 1133 3086 ‘noumeime

120 3104 261 3154 Aeneidem
272 3105 405 3162 inelinavit,
417 3112 588 3169 argumentum
595 3105 691 3155 uarium
700 3119 731 3154 uc
743 3105 875 3168 multiplex
887 3112 912 3153 et
924 3103 998 3168 quari
1005 3102 1134 3152 amborum

121 3170 232 3220 Homeri
254 3175 389 3222 carminum
416 3175 517 3235 instar„
536 3180 677 3235 praeterea
704 3172 843 3221 nominibus
868 3186 899 3220 ac
925 3169 1007 3230 rebus
1026 3169 1134 3220 Graecia

121 3237 272 3303 Latinisque
297 3254 421 3290 commune
446 3248 472 3289 et
497 3241 524 3289 in
541 3254 602 3303 quc,
630 3238 698 3303 quod
718 3240 825 3288 mamone
846 3237 975 3294 studebat,
1001 3235 1133 3287 Romanae

120 3306 193 3354 mmai
214 3305 284 3356 urbis
306 3313 333 3356 et
354 3306 465 3370 Augusti
485 3307 556 3370 oripo
578 3302 769 3355 contineretur)
805 3304 933 3355 Donatus
949 3317 976 3368 p.
994 3305 1040 3362 oti,
1064 3304 1133 3353 stt.

123 3372 257 3422 ‘Aeneida
278 3375 407 3437 inpressae
429 3374 493 3424 betia
511 3371 665 3423 Cantabrico
683 3367 742 3403 **’
760 3372 868 3422 Probus
889 3370 919 3420 in
941 3370 1001 3420 vite
1018 3385 1046 3434 p.
1066 3372 1081 3420 1
1100 3371 1134 3421 K.

122 3435 181 3503 (53,
201 3441 232 3489 11
250 3439 304 3502 R.).
321 3439 385 3490 vide
404 3440 527 3506 prolegg.
545 3440 578 3490 56
591 3452 650 3503 sqq.

187 3503 209 3569 ⁸)
228 3507 374 3558 ‘Aeneidos
384 3510 486 3558 uixdum
497 3514 602 3571 coeptae
621 3511 693 3554 tanta
710 3505 797 3554 eretitrt
811 3506 894 3569 fama,
912 3511 940 3555 ut
951 3505 1049 3555 Seniue
1065 3505 1135 3556 Pro·

123 3577 221 3638 pertiae
237 3591 288 3626 non
305 3575 457 3626 dubitauerit
473 3577 511 3626 cic
525 3573 697 3638 praedicare:
714 3574 797 3624 cedite
816 3608 865 3625 ...
883 3571 985 3622 Iliade’
1003 3571 1135 3624 Donatus
