2512 4096
357 240 364 246 ’
403 265 545 316 rancun
566 262 732 317 aurursv

60 430 148 489 finem
171 425 379 495 adventabant,
402 422 457 486 levi
477 442 544 485 cum
568 425 710 501 sanguine
733 422 821 508 llisus

58 511 169 571 labitur
191 508 303 580 infelix,
329 510 420 571 caesis
442 515 475 568 ut
494 507 570 569 forte
591 508 719 567 iuvencis

59 595 143 654 lusus
165 593 287 655 humum
307 593 465 671 viridisque
486 609 575 670 super
596 589 792 651 madefecerat
812 587 929 649 herbas.

60 677 109 736 bic
130 678 241 737 iuvenis
262 677 319 736 iam
338 677 430 736 victor
452 693 541 735 ovans
562 675 681 752 vestigia
699 691 803 752 presso

58 760 131 821 haut
149 762 243 821 tenuit
263 760 384 821 titubata
407 758 485 828 solo,
507 757 558 819 sed
571 775 682 837 pronus
703 759 733 817 in
754 757 818 835 ipso

60 842 186 903 concidit
207 843 407 922 inmundoquc
427 844 497 903 limo
515 860 658 920 sacroque
681 858 802 910 cruore,

58 944 119 998 non
140 933 238 987 tamen
258 925 389 1005 Euryali,
410 944 469 986 non
491 925 539 987 ille
561 925 668 986 oblitus
688 942 839 985 amorum:

58 1026 127 1068 nam
146 1027 210 1070 sese
232 1011 368 1088 opposuit
385 1009 461 1070 Salio
482 1027 536 1087 per
557 1009 669 1070 lubrica
688 1025 826 1086 surgens,

58 1090 107 1152 ille
125 1099 222 1154 autern
245 1093 336 1171 spissa
357 1094 445 1154 iacuit
465 1093 614 1154 revolutus
635 1091 755 1158 harena.

59 1177 165 1236 emicat
184 1176 342 1255 Euryalus,
364 1182 393 1236 ct
413 1193 535 1237 munere
553 1177 645 1237 victor
662 1177 747 1236 amici

58 1259 153 1335 prima
174 1267 268 1328 tenet,
289 1260 450 1338 plausuque
471 1259 548 1320 volat
567 1261 743 1338 fremituque
760 1259 899 1320 secundo.

57 1349 125 1419 post
144 1342 283 1426 Helymus
296 1342 396 1415 subit,
420 1350 448 1403 et
465 1360 544 1404 nunc
564 1345 648 1404 tertia
669 1343 765 1420 palma
788 1342 901 1410 Diores.
941 1411 944 1416 ,

57 1424 106 1485 bic
125 1431 219 1487 totum
242 1445 347 1488 caveae
369 1445 538 1488 consessum
560 1427 686 1504 ingentis
708 1434 737 1486 ct
758 1444 808 1486 ora

57 1509 152 1585 prima
174 1518 291 1588 patrum
315 1513 426 1589 magnis
451 1510 546 1571 Salius
568 1508 745 1570 clamoribus
764 1508 865 1588 implet
961 1515 964 1521 '

57 1599 250 1671 ereptumque
271 1593 338 1653 dolo
360 1595 444 1655 reddi
463 1594 517 1655 sibi
537 1595 629 1673 poscit
649 1593 802 1653 honorem.

56 1680 169 1735 tutatur
191 1676 273 1736 lavor
294 1676 452 1756 Euryalum
474 1678 670 1756 lacrimaeque
692 1676 818 1738 decorae

52 1759 167 1835 gratior
189 1767 218 1820 et
239 1759 364 1837 pulchro
388 1763 506 1822 veniens
525 1764 555 1822 in
581 1779 706 1839 corporo
721 1761 829 1822 virtus.

57 1841 172 1902 adiuvat
194 1849 223 1904 et
243 1862 347 1923 magna
369 1844 531 1923 proclamat
552 1863 623 1906 voce
645 1845 763 1913 Diores,

55 1925 107 2001 qui
130 1924 218 1985 subiit
238 1927 354 2004 palmae
375 1928 540 2006 frustraque
563 1930 598 1988 ad
618 1929 748 2006 praemia
770 1928 848 1987 venit

55 2006 172 2083 ultima,
195 2010 220 2069 si
242 2011 329 2089 primi
351 2009 428 2072 Salio
447 2012 608 2072 reddentur
629 2012 765 2070 honores.

56 2097 119 2149 tum
138 2098 226 2167 pater
245 2093 357 2154 deneas
379 2093 501 2154 ‘vestra'
524 2096 619 2172 inquit
642 2103 780 2152 ‘munera
802 2091 884 2152 vobis

57 2181 138 2235 certa
160 2182 293 2243 manent,
316 2177 414 2253 pueri,
439 2184 469 2237 et
488 2174 615 2254 palmam
637 2182 735 2235 movet
757 2173 860 2235 ordine
879 2191 980 2236 nemo:

56 2275 104 2317 me
131 2255 218 2318 liceat
241 2275 325 2318 casus
345 2260 480 2319 misereri
498 2260 620 2319 insontis
642 2255 751 2318 amici'

55 2341 98 2400 sic
126 2340 203 2401 latus
223 2348 340 2420 tergum
362 2340 474 2402 Gaetuli
496 2344 622 2403 immane
643 2340 735 2402 leonis

55 2424 106 2485 dat
129 2422 222 2492 Salio,
242 2423 316 2484 villis
338 2442 496 2486 onerosum
518 2433 605 2503 atque
625 2423 773 2502 unguibus
794 2425 900 2485 aureis.
997 2425 999 2428 ’

54 2507 104 2568 bic
126 2506 213 2568 Nisus
236 2509 276 2567 ‘si
298 2506 389 2569 tanta'
412 2509 505 2588 inquit
525 2517 608 2570 ‘sunt
626 2509 756 2588 praemia
778 2509 860 2569 victis

56 2598 85 2652 at
104 2598 134 2650 te
154 2588 305 2669 lapsorum
326 2593 461 2663 miseret,
484 2611 560 2672 quae
582 2608 704 2654 munera
724 2592 793 2653 Niso

55 2674 143 2749 digna
166 2674 268 2734 dabis?
286 2676 412 2754 primam
435 2677 530 2737 merui
552 2677 601 2755 qui
622 2676 709 2738 laude
729 2694 884 2744 coronam,

55 2759 87 2817 ni
104 2775 166 2826 mc,
189 2777 263 2838 quac
285 2759 410 2829 Salium,
430 2760 559 2820 Fortuna
580 2762 696 2821 inimica
717 2758 854 2820 tuimet!

56 2847 86 2902 et
105 2839 192 2902 simul
212 2841 258 2902 his
275 2842 359 2903 dictis
377 2843 482 2905 faciem
504 2844 669 2905 ostentabat
690 2850 720 2904 et
738 2844 798 2903 udo

55 2925 154 3000 turpia
175 2925 308 2986 membra
328 2927 406 2991 iimo.
448 2927 513 2986 risit
532 2935 615 3005 pater
637 2928 765 3005 optimus
786 2924 834 2986 olli

56 3014 88 3069 at
108 3005 233 3084 clipeum
256 3011 353 3070 eilerri
374 3009 472 3076 iussit,
494 3010 680 3088 Didymaonis
701 3018 809 3077 artem,

56 3089 185 3168 Neptuni
203 3110 287 3153 sacro
308 3094 414 3154 Danais
435 3092 472 3152 de
488 3101 577 3170 poste
598 3093 731 3158 rciixum.

34 3173 115 3234 *boc
132 3175 266 3237 iuvenem
287 3177 437 3255 egregium
456 3177 615 3253 praestanti
634 3192 756 3236 munere
779 3177 877 3237 donat.

99 3257 169 3318 Post
190 3259 241 3319 ubi
260 3260 384 3322 coniecti
406 3278 526 3329 cursus,
545 3267 575 3320 et
597 3261 672 3319 dona
695 3261 822 3338 peregit:

58 3349 168 3411 ‘nunc,
193 3344 265 3404 sicui
281 3346 373 3405 uirtus
395 3345 566 3422 animusque
587 3344 616 3403 in
635 3351 757 3422 pectore
777 3362 933 3421 praesens,

57 3423 133 3486 adsit
152 3432 181 3485 ct
202 3427 321 3487 evinctis
341 3426 452 3487 attollat
472 3427 609 3487 bracchia
630 3426 759 3504 palmis'

58 3508 101 3568 sic
120 3510 160 3569 ait
180 3516 210 3570 et
232 3511 381 3586 geminum
402 3527 518 3589 pugnae
539 3512 677 3588 proponit
695 3511 852 3580 honorem,

127 3623 260 3662 arnancu,
280 3623 392 3658 vanam.
824 3607 863 3664 12

1021 600 1072 655 33⁰
