2504 4094
462 258 605 307 venarer
627 257 753 306 hunnis
773 259 797 304 x
1072 244 1133 308 283

125 423 189 476 acta
209 415 311 474 furore
332 414 414 491 gravi
435 413 521 492 ‘quid
542 431 591 475 me
611 412 667 475 alta
688 411 803 475 silentia
824 417 905 491 cogis

124 515 265 578 rumpere
285 503 315 558 et
335 495 496 559 obductum
515 496 613 559 verbis
632 495 752 574 volgare
773 495 923 559 dolorem?

124 583 243 643 Aenean
264 579 417 642 hominum
439 582 594 661 qnisquam
616 581 770 659 divomque
793 579 910 659 subegit
1100 586 1134 638 eo

123 663 201 727 beha
221 664 306 744 sequi
327 672 377 726 aut
396 663 511 730 hostem
532 665 597 741 regi
615 681 647 724 se
668 662 779 726 inferre
799 662 919 725 Latino?

123 747 236 813 ltaliam
256 749 341 828 petiit
362 748 428 808 fatis
450 746 620 809 auctoribus
642 747 723 828 (esto)

120 833 304 894 uassandrae
325 831 460 911 inpulsus
484 831 583 893 iuriis:
605 848 678 894 num
696 830 831 910 linquere
852 837 946 891 eastra

123 917 232 979 hortati
254 933 356 978 sumus
377 921 428 977 aut
448 916 536 976 vitam
558 916 746 977 committere
758 915 861 987 ventis,

123 1019 195 1062 num
213 1017 307 1079 puero
332 1016 478 1061 summam
498 997 578 1070 belli,
599 1016 672 1064 num
691 999 814 1061 credere
835 1016 937 1060 muros
1100 1005 1135 1056 ⁷0

123 1084 366 1164 Tyrrhenamque
387 1082 548 1155 lidem‚aut
569 1084 664 1161 gentis
684 1083 795 1160 agitare
815 1082 945 1161 quietas!

124 1169 190 1248 quis
211 1166 284 1228 deus
304 1169 335 1228 in
357 1166 501 1236 fraudem,
522 1183 598 1244 quae
619 1165 693 1228 dura
709 1167 840 1244 potentia
861 1171 961 1226 nostra

125 1251 201 1328 egit?
222 1248 274 1310 ubi
294 1249 343 1311 hic
361 1248 434 1312 luno
456 1250 618 1312 demissave
637 1248 765 1311 nubibus
786 1249 860 1311 Irisl

123 1333 276 1412 indignum
298 1343 343 1396 est
361 1332 449 1394 llelos
470 1333 589 1394 'l'roiam
612 1333 795 1395 circumdare
815 1332 940 1394 flammis

122 1424 292 1480 nascentem
314 1425 342 1479 et
362 1416 456 1495 patria
477 1415 611 1480 'lbrrnum
634 1412 793 1478 consistere
813 1423 903 1488 terra,
1100 1423 1134 1474 re

124 1503 172 1564 cui
189 1501 342 1563 Pilumnus
361 1518 440 1571 avos,
462 1501 510 1561 cui
532 1499 597 1560 dira
618 1498 727 1562 Venilia
749 1508 857 1562 matera

123 1585 194 1666 qnid
216 1586 280 1646 iace
300 1584 443 1645 Troianos
465 1590 528 1665 alra
548 1585 607 1645 rim
627 1585 707 1645 serre
727 1584 846 1656 haduis,
890 1624 891 1628 =

123 1687 191 1730 arva
213 1668 306 1730 aliem
325 1670 410 1748 iugo·
416 1685 554 1747 premere
574 1677 662 1748 alque
680 1676 813 1731 avertere
833 1668 981 1748 praedas?

123 1753 193 1832 quid
216 1769 336 1814 soceros
356 1751 455 1831 legere
478 1759 506 1814 ei
526 1753 646 1830 gremiis
666 1751 814 1815 abducere
835 1760 943 1833 pactas,

121 1855 225 1915 paoem
247 1853 333 1898 orare
351 1854 449 1905 mann,
473 1837 637 1915 praefigere
658 1836 806 1916 puppibus
828 1838 927 1898 armai
1098 1841 1133 1892 80

121 1927 154 1981 tu
174 1927 258 1998 potes
279 1923 396 1981 Aenean
417 1919 554 1981 menibus
574 1918 741 1981 subducere
762 1919 893 1980 Graium·

122 2021 235 2082 proque
255 2005 317 2064 viro
335 2002 474 2063 nehrdam
497 2010 527 2063 et
547 2009 649 2062 ventos
668 2002 828 2062 obtendere
844 2003 949 2070 inanis,

121 2094 155 2147 tu
174 2092 258 2165 potes
283 2087 313 2145 in
336 2085 459 2146 tolidem
481 2083 605 2146 classem
627 2091 798 2145 convertere
820 2082 978 2162 nymphas:

122 2187 177 2230 nos
200 2167 308 2248 aliquid
331 2167 455 2228 Rutulos
475 2173 578 2228 contra
597 2167 705 2228 iuvisse
726 2165 886 2227 uelandum
908 2167 967 2227 est?

123 2255 262 2314 “deneas
282 2252 404 2330 ignarus
422 2247 542 2312 abest'':
564 2250 684 2328 ignarus
704 2256 732 2310 el
752 2248 835 2311 absit.
897 2322 899 2330 Ι
1098 2255 1132 2307 85

122 2343 166 2398 est
185 2333 304 2416 Paphus
324 2333 507 2412 Idaliumque
527 2331 590 2403 ubi,
611 2340 680 2394 sunl
699 2332 756 2394 alta
777 2333 917 2414 Cythera:

122 2419 191 2499 quid
214 2418 363 2497 gravidam
382 2416 466 2479 bellis
488 2415 593 2478 urbem
615 2422 645 2478 el
665 2417 755 2478 corda
777 2434 881 2497 aspera
901 2417 1043 2495 temptas?

121 2520 214 2564 nosne
231 2501 286 2563 ubi
305 2501 399 2563 lluxas
419 2499 564 2580 Phrygiae
584 2519 633 2563 res
653 2509 768 2563 vertere
790 2500 881 2563 fundo

88 2600 90 2605 ’
122 2585 282 2648 conemurl
306 2603 371 2655 nos,
395 2602 432 2646 an
453 2586 577 2647 miseros
599 2585 650 2666 qui
669 2583 763 2646 'lroas
780 2584 895 2647 Achivis

121 2668 247 2736 obiecitl
271 2688 348 2749 quae
369 2687 455 2731 causa
476 2669 540 2741 lull,
562 2687 743 2748 consurgere
763 2671 793 2730 iu
815 2686 898 2730 arma
1097 2673 1131 2726 ed

120 2754 328 2835 Europamque
349 2754 505 2833 Asiamque
526 2759 556 2814 et
576 2753 695 2816 loedere
719 2751 832 2815 solvere
853 2752 950 2814 furto?

120 2855 168 2899 me
190 2838 265 2899 duce
286 2837 450 2900 Dardanius
472 2837 608 2915 Spartam
626 2838 802 2917 expugnavit
822 2834 945 2905 adorirer,

119 2926 171 2981 aut
192 2937 247 2998 ego
267 2919 326 2980 tela
345 2920 412 2980 dedi
430 2920 523 2989 fovive
542 2918 684 2998 Cupidine
704 2918 800 2981 bellai

121 3009 183 3063 tum
204 3001 302 3063 decuit
323 3002 462 3063 metuisse
484 3001 557 3062 tuist
578 3018 659 3063 nunc
680 3019 746 3063 sora
767 3000 905 3080 querellis

120 3085 193 3147 haut
212 3085 296 3147 iustis
316 3084 452 3162 adsurgis
469 3089 499 3145 el
518 3084 605 3145 inrita
625 3085 718 3162 iurgia
736 3085 847 3144 iacias!
1096 3089 1131 3142 so

163 3167 281 3231 Talibus
303 3167 405 3230 orabat
422 3168 504 3239 luno,
528 3167 685 3248 cunctique
703 3165 868 3228 fremebant

121 3251 276 3318 caelicolae
293 3253 419 3315 adsensu
439 3252 530 3321 vario,
551 3269 605 3313 ceu
626 3251 744 3313 llamina
765 3251 859 3328 prima

121 3354 189 3398 cum
210 3335 356 3415 deprensa
375 3337 506 3398 fremunt
524 3333 603 3396 silvis
625 3342 654 3398 et
676 3353 764 3397 caeca
785 3333 916 3395 volumno
1003 3373 1005 3375 .

119 3436 282 3491 murmura,
304 3427 444 3482 ventures
464 3421 560 3481 naulis
580 3419 736 3497 prodentia
756 3423 867 3481 ronlos.

119 3511 181 3566 tum
203 3511 287 3582 pater
309 3503 502 3582 omnipotens,
524 3520 626 3565 rerum
649 3505 697 3566 cui
719 3503 814 3583 prima
837 3507 976 3581 potestas,
1080 3506 1131 3562 100
