2512 4096
116 245 157 310 58
407 255 549 303 vaccum
572 253 775 302 eucnemon
796 252 837 300 111

117 431 177 473 non
198 410 262 473 illas
284 409 420 490 gratibus
442 410 595 489 quisquam
617 410 684 488 iuga
706 409 815 468 ducere
837 405 985 484 plaustris,

117 513 177 557 non
200 494 274 556 saltu
296 512 437 572 superare
458 495 534 555 viam
555 495 592 552 sit
613 510 715 570 passus
738 498 766 551 et
788 492 849 550 acri

118 597 241 656 carpere
262 585 346 656 prata
367 578 435 653 fuga
458 577 619 655 fluviosque
641 577 744 635 innare
766 575 888 652 rapacis.

118 661 239 723 saltibus
260 663 290 721 in
312 662 409 721 vacuis
431 667 556 739 pascunt
577 666 606 720 et
627 658 712 736 plena
735 658 897 718 secundum

119 746 253 815 flumina,
276 762 395 805 muscus
416 743 467 805 ubi
490 750 518 804 et
539 743 712 803 viridissima
734 743 867 819 gramine
888 742 961 819 ripa,

118 829 334 907 speluncaeque
355 835 455 905 tegant
477 836 506 887 et
527 844 613 886 saxea
635 825 778 903 procubet
799 824 914 885 umbra.

119 919 163 973 est
184 912 266 973 lucos
287 911 372 972 Silari
395 912 472 972 circa
493 909 666 988 ilicibusque
687 911 829 969 virentem

118 994 262 1074 plurimus
283 995 446 1056 Alburnum
465 995 602 1064 volitans,
626 995 694 1072 quoi
715 1009 822 1053 nomen
844 991 915 1051 asilo

119 1079 324 1148 Romanumst,
349 1085 479 1140 oestrum
501 1078 570 1139 Grai
591 1084 707 1138 vertere
727 1082 873 1145 vocantes,

120 1181 222 1241 asper,
246 1162 352 1223 acerba
374 1179 497 1230 sonans,
521 1178 578 1239 quo
600 1168 661 1220 tota
683 1161 820 1221 exterrita
842 1159 919 1219 silvis

120 1247 275 1324 diffugiunt
294 1253 441 1316 armenta,
464 1245 535 1306 lurit
555 1242 714 1322 mugitibus
736 1243 838 1304 aether

120 1347 280 1389 concussus
301 1329 447 1408 silvaeque
469 1336 498 1390 et
519 1330 589 1389 sicci
611 1329 673 1405 ripa
695 1328 830 1405 Tanagri.

119 1413 176 1473 hoc
191 1413 338 1491 quondam
359 1420 491 1474 monstro
513 1410 662 1473 horribilis
685 1411 816 1472 exercuit
836 1411 894 1470 iras

120 1495 254 1557 Inachiac
276 1496 348 1556 luno
370 1508 482 1573 pestem
505 1496 642 1556 meditata
670 1496 817 1556 iuvencae.

121 1579 200 1640 hunc
222 1597 339 1659 quoque
354 1579 431 1656 (nam
451 1580 555 1640 mediis
576 1578 741 1641 terroribus
763 1579 859 1638 acrior
880 1577 976 1657 instat)

120 1662 233 1723 arcebis
255 1662 374 1741 gravido
395 1665 511 1740 pecori,
534 1669 724 1740 armentaque
745 1679 848 1738 pasces

120 1744 181 1806 sole
202 1764 306 1807 recens
329 1751 394 1806 orto
416 1754 466 1806 aut
486 1754 602 1807 noctem
625 1744 799 1806 ducentibus
821 1747 915 1805 astris.

160 1830 231 1890 Post
251 1837 369 1907 partum
392 1847 462 1891 cura
483 1831 514 1888 in
534 1828 639 1890 nitidos
660 1829 823 1889 traducitur
845 1829 948 1899 omnis,

120 1914 316 1992 continuoque
338 1920 422 1974 notas
444 1921 473 1974 et
493 1913 610 1973 nomina
633 1915 727 1991 gentis
748 1913 878 1983 inurunt,

120 2006 149 2058 et
171 2015 245 2077 quos
268 2004 319 2059 aut
339 1999 440 2076 pecori
461 1996 564 2058 malint
584 1998 766 2058 summittere
787 1994 923 2056 habendo

120 2090 170 2142 aut
191 2083 249 2142 aris
271 2099 387 2143 serrare
408 2099 508 2143 sacros
529 2088 579 2141 aut
600 2081 734 2142 scindere
754 2088 865 2141 terram

120 2172 149 2224 et
171 2182 306 2242 campum
327 2165 498 2227 horrentem
520 2166 619 2227 fractis
639 2166 786 2227 invertere
808 2162 926 2241 glaebis.

121 2246 234 2327 [cetera
254 2257 415 2324 pascuntur
435 2249 535 2310 viridis
556 2256 687 2310 armenta
709 2266 763 2326 per
784 2246 916 2327 herbas]

119 2337 152 2390 tu
175 2347 248 2408 quos
269 2330 306 2390 ad
328 2333 456 2393 studium
478 2339 565 2411 atquc
586 2350 674 2393 usum
694 2331 835 2392 formabis
859 2339 1015 2409 agrestem,

119 2415 177 2472 iam
198 2412 302 2473 vitulos
324 2413 443 2475 hortare
464 2417 599 2493 viamque
618 2416 719 2474 insiste
740 2414 887 2484 domandi,

120 2496 190 2556 dum
212 2495 310 2556 faciles
332 2498 420 2556 animi
441 2499 594 2567 iuvenum,
617 2497 687 2556 dum
708 2496 824 2556 mobilis
845 2505 934 2557 aetas.

120 2598 155 2640 ac
175 2578 305 2657 primum
325 2577 407 2639 laxos
427 2580 509 2640 tenui
530 2580 567 2641 de
589 2581 695 2639 vimine
717 2580 821 2639 circlos

121 2663 226 2725 cervici
247 2662 404 2730 subnecte余
427 2663 546 2733 dehinc,
569 2662 620 2724 ubi
640 2661 733 2722 libera
756 2662 829 2722 colla

119 2747 236 2807 servitio
258 2745 422 2815 adsuerint,
444 2746 515 2823 ipsis
537 2766 553 2807 e
574 2746 729 2824 torquibus
750 2753 833 2823 aptos

119 2829 208 2908 iunge
229 2846 330 2906 pares,
354 2837 383 2890 et
405 2847 477 2908 coge
498 2830 623 2908 gradum
646 2830 781 2891 conferre
800 2831 953 2900 iuvencos余

120 2919 208 2992 atque
230 2911 285 2973 illis
305 2914 364 2975 iarn
383 2931 471 2992 saepe
492 2921 575 2975 rotae
597 2915 741 2976 ducantur
762 2915 864 2976 inanes

119 3013 173 3074 per
195 3004 318 3069 terram,
341 3004 370 3058 et
390 3016 506 3059 summo
527 2999 646 3078 vestigia
668 2997 789 3077 pulvere
811 3001 941 3076 signent余

119 3087 186 3157 post
207 3079 300 3141 valido
322 3082 418 3143 nitens
439 3081 494 3142 sub
516 3083 648 3162 pondere
670 3083 785 3161 faginus
806 3083 868 3143 axis

119 3164 274 3242 instrepat,
298 3172 326 3225 et
347 3166 462 3226 iunctos
483 3173 562 3226 temo
583 3167 680 3227 trahat
701 3183 805 3226 aereus
828 3164 925 3224 orbes.

119 3247 231 3308 interca
251 3246 323 3324 pubi
344 3248 502 3308 indomitae
523 3267 583 3309 non
605 3250 736 3326 gramina
757 3253 871 3322 tantum

119 3348 175 3391 nec
196 3347 295 3391 vescas
316 3331 438 3392 salicum
459 3330 579 3392 lrondes
600 3331 755 3410 ulvamque
776 3329 946 3409 palustrem,
1084 3340 1134 3399 ns

120 3421 164 3474 set
186 3412 332 3475 irumenta
353 3432 443 3475 manu
465 3433 570 3493 carpes
592 3421 668 3485 sata余
691 3433 748 3476 nec
768 3415 821 3476 tibi
843 3414 919 3477 letae

120 3515 203 3559 more
225 3504 342 3576 patrum
365 3500 447 3559 nivea
469 3497 635 3577 implebunt
655 3499 823 3561 mulctraria
845 3516 960 3570 vaccae,
