<?xml version="1.0" encoding="UTF-8"?>
<!DOCTYPE html PUBLIC "-//W3C//DTD XHTML 1.0 Transitional//EN"
    "http://www.w3.org/TR/xhtml1/DTD/xhtml1-transitional.dtd">
<html xmlns="http://www.w3.org/1999/xhtml" xml:lang="en" lang="en">
 <head>
  <title>
</title>
<meta http-equiv="Content-Type" content="text/html;charset=utf-8" />
  <meta name='ocr-system' content='tesseract 3.04.00' />
  <meta name='ocr-capabilities' content='ocr_page ocr_carea ocr_par ocr_line ocrx_word'/>
</head>
<body>
  <div class='ocr_page' id='page_1' title='image "./pvergilimaronis12virggoog/pvergilimaronis12virggoog_0058.png"; bbox 0 0 2512 4096; ppageno 0'>
   <div class='ocr_carea' id='block_1_1' title="bbox 228 753 1027 1010">
    <p class='ocr_par' dir='ltr' id='par_1_1' title="bbox 228 753 1027 1010">
     <span class='ocr_line' id='line_1_1' title="bbox 361 753 899 836; baseline 0.007 -3"><span class='ocrx_word' id='word_1_1' title='bbox 361 753 643 834; x_wconf 63' lang='lat' dir='ltr'>ruentum</span> <span class='ocrx_word' id='word_1_2' title='bbox 672 758 899 836; x_wconf 74' lang='lat' dir='ltr'>nunonis</span> 
     </span>
     <span class='ocr_line' id='line_1_2' title="bbox 228 908 1027 1010; baseline 0.005 -4"><span class='ocrx_word' id='word_1_3' title='bbox 228 908 274 1006; x_wconf 80' lang='lat' dir='ltr'>G</span> <span class='ocrx_word' id='word_1_4' title='bbox 324 913 366 1007; x_wconf 83' lang='lat' dir='ltr'>E</span> <span class='ocrx_word' id='word_1_5' title='bbox 421 910 464 1006; x_wconf 86' lang='lat' dir='ltr'>O</span> <span class='ocrx_word' id='word_1_6' title='bbox 517 908 663 1010; x_wconf 79' lang='lat' dir='ltr'>RG</span> <span class='ocrx_word' id='word_1_7' title='bbox 714 911 741 1006; x_wconf 95' lang='grc' dir='ltr'>Ι</span> <span class='ocrx_word' id='word_1_8' title='bbox 794 912 928 1010; x_wconf 77' lang='grc'>00</span> <span class='ocrx_word' id='word_1_9' title='bbox 981 913 1027 1009; x_wconf 87' lang='grc' dir='ltr'><strong>Ν</strong></span> 
     </span>
    </p>
   </div>
   <div class='ocr_carea' id='block_1_2' title="bbox 477 1095 776 1154">
    <p class='ocr_par' dir='ltr' id='par_1_2' title="bbox 477 1095 776 1154">
     <span class='ocr_line' id='line_1_3' title="bbox 477 1095 776 1154; baseline 0.003 -1"><span class='ocrx_word' id='word_1_10' title='bbox 477 1095 598 1153; x_wconf 79' lang='lat' dir='ltr'>LIBER</span> <span class='ocrx_word' id='word_1_11' title='bbox 628 1095 776 1154; x_wconf 84' lang='lat' dir='ltr'>PRIMVS</span> 
     </span>
    </p>
   </div>
   <div class='ocr_carea' id='block_1_3' title="bbox 560 1277 691 1287">
    <p class='ocr_par' dir='ltr' id='par_1_3' title="bbox 560 1277 691 1287">
     <span class='ocr_line' id='line_1_4' title="bbox 560 1277 691 1287; baseline 0.008 -1"><span class='ocrx_word' id='word_1_12' title='bbox 560 1277 691 1287; x_wconf 46' lang='grc' dir='ltr'>μ*-</span> 
     </span>
    </p>
   </div>
   <div class='ocr_carea' id='block_1_4' title="bbox 76 1431 1128 3251">
    <p class='ocr_par' dir='ltr' id='par_1_4' title="bbox 76 1431 1128 3251">
     <span class='ocr_line' id='line_1_5' title="bbox 166 1431 938 1512; baseline 0.009 -22"><span class='ocrx_word' id='word_1_13' title='bbox 166 1431 241 1504; x_wconf 88' lang='lat' dir='ltr'>Quid</span> <span class='ocrx_word' id='word_1_14' title='bbox 263 1432 349 1493; x_wconf 84' lang='lat' dir='ltr'>iaciat</span> <span class='ocrx_word' id='word_1_15' title='bbox 369 1432 459 1494; x_wconf 87' lang='lat' dir='ltr'>lactas</span> <span class='ocrx_word' id='word_1_16' title='bbox 480 1439 607 1511; x_wconf 83' lang='lat' dir='ltr'>segetes,</span> <span class='ocrx_word' id='word_1_17' title='bbox 631 1452 689 1512; x_wconf 92' lang='lat' dir='ltr'>quc</span> <span class='ocrx_word' id='word_1_18' title='bbox 712 1433 807 1495; x_wconf 86' lang='lat' dir='ltr'>sidere</span> <span class='ocrx_word' id='word_1_19' title='bbox 828 1442 938 1497; x_wconf 90' lang='lat' dir='ltr'>terram</span> 
     </span>
     <span class='ocr_line' id='line_1_6' title="bbox 124 1514 944 1594; baseline 0.004 -19"><span class='ocrx_word' id='word_1_20' title='bbox 124 1523 252 1582; x_wconf 86' lang='lat' dir='ltr'>vertere,</span> <span class='ocrx_word' id='word_1_21' title='bbox 275 1514 443 1587; x_wconf 83' lang='lat' dir='ltr'>Maecenas,</span> <span class='ocrx_word' id='word_1_22' title='bbox 465 1516 610 1594; x_wconf 90' lang='lat' dir='ltr'>ulmisque</span> <span class='ocrx_word' id='word_1_23' title='bbox 631 1517 790 1594; x_wconf 79' lang='lat' dir='ltr'>adiungere</span> <span class='ocrx_word' id='word_1_24' title='bbox 812 1517 882 1578; x_wconf 90' lang='lat' dir='ltr'>vites</span> <span class='ocrx_word' id='word_1_25' title='bbox 938 1572 944 1583; x_wconf 82' lang='lat'><em>.</em></span> 
     </span>
     <span class='ocr_line' id='line_1_7' title="bbox 123 1597 949 1678; baseline 0.002 -20"><span class='ocrx_word' id='word_1_26' title='bbox 123 1597 288 1668; x_wconf 82' lang='lat' dir='ltr'>conveniat,</span> <span class='ocrx_word' id='word_1_27' title='bbox 312 1617 386 1677; x_wconf 92' lang='lat' dir='ltr'>quae</span> <span class='ocrx_word' id='word_1_28' title='bbox 408 1617 478 1660; x_wconf 88' lang='lat' dir='ltr'>cura</span> <span class='ocrx_word' id='word_1_29' title='bbox 498 1599 604 1670; x_wconf 86' lang='lat' dir='ltr'>buum,</span> <span class='ocrx_word' id='word_1_30' title='bbox 628 1602 677 1678; x_wconf 89' lang='lat' dir='ltr'>qui</span> <span class='ocrx_word' id='word_1_31' title='bbox 699 1599 794 1660; x_wconf 91' lang='lat' dir='ltr'>cultus</span> <span class='ocrx_word' id='word_1_32' title='bbox 815 1600 949 1662; x_wconf 88' lang='lat' dir='ltr'>hahendo</span> 
     </span>
     <span class='ocr_line' id='line_1_8' title="bbox 121 1682 878 1761; baseline 0.008 -21"><span class='ocrx_word' id='word_1_33' title='bbox 121 1682 159 1740; x_wconf 89' lang='lat' dir='ltr'>sit</span> <span class='ocrx_word' id='word_1_34' title='bbox 179 1682 297 1758; x_wconf 87' lang='lat' dir='ltr'>pecori,</span> <span class='ocrx_word' id='word_1_35' title='bbox 320 1682 424 1761; x_wconf 83' lang='lat' dir='ltr'>apibus</span> <span class='ocrx_word' id='word_1_36' title='bbox 447 1689 554 1761; x_wconf 92' lang='lat' dir='ltr'>quanta</span> <span class='ocrx_word' id='word_1_37' title='bbox 576 1683 754 1761; x_wconf 78' lang='lat' dir='ltr'>experientia</span> <span class='ocrx_word' id='word_1_38' title='bbox 774 1685 878 1759; x_wconf 85' lang='lat' dir='ltr'>parcis</span> 
     </span>
     <span class='ocr_line' id='line_1_9' title="bbox 121 1764 1127 1844; baseline 0.007 -21"><span class='ocrx_word' id='word_1_39' title='bbox 121 1764 191 1823; x_wconf 88' lang='lat' dir='ltr'>hinc</span> <span class='ocrx_word' id='word_1_40' title='bbox 212 1781 319 1825; x_wconf 89' lang='lat' dir='ltr'>canere</span> <span class='ocrx_word' id='word_1_41' title='bbox 339 1765 483 1844; x_wconf 90' lang='lat' dir='ltr'>incipiam.</span> <span class='ocrx_word' id='word_1_42' title='bbox 527 1783 594 1836; x_wconf 84' lang='lat' dir='ltr'>vos,</span> <span class='ocrx_word' id='word_1_43' title='bbox 618 1784 635 1824; x_wconf 91' lang='lat' dir='ltr'>c</span> <span class='ocrx_word' id='word_1_44' title='bbox 657 1766 816 1827; x_wconf 90' lang='lat' dir='ltr'>clarissima</span> <span class='ocrx_word' id='word_1_45' title='bbox 837 1766 938 1827; x_wconf 90' lang='lat' dir='ltr'>mundi</span> <span class='ocrx_word' id='word_1_46' title='bbox 1111 1781 1127 1830; x_wconf 83' lang='lat'>⁵</span> 
     </span>
     <span class='ocr_line' id='line_1_10' title="bbox 121 1845 889 1927; baseline 0.005 -21"><span class='ocrx_word' id='word_1_47' title='bbox 121 1845 249 1916; x_wconf 91' lang='lat' dir='ltr'>lumina,</span> <span class='ocrx_word' id='word_1_48' title='bbox 271 1845 419 1908; x_wconf 88' lang='lat' dir='ltr'>labentem</span> <span class='ocrx_word' id='word_1_49' title='bbox 442 1847 521 1910; x_wconf 89' lang='lat' dir='ltr'>caelo</span> <span class='ocrx_word' id='word_1_50' title='bbox 545 1867 618 1927; x_wconf 90' lang='lat' dir='ltr'>qnae</span> <span class='ocrx_word' id='word_1_51' title='bbox 640 1848 745 1909; x_wconf 86' lang='lat' dir='ltr'>ducitis</span> <span class='ocrx_word' id='word_1_52' title='bbox 766 1866 889 1912; x_wconf 75' lang='lat' dir='ltr'>annumr</span> 
     </span>
     <span class='ocr_line' id='line_1_11' title="bbox 121 1929 898 1999; baseline 0.001 -10"><span class='ocrx_word' id='word_1_53' title='bbox 121 1929 210 1990; x_wconf 83' lang='lat' dir='ltr'>Liber</span> <span class='ocrx_word' id='word_1_54' title='bbox 232 1935 261 1989; x_wconf 89' lang='lat' dir='ltr'>et</span> <span class='ocrx_word' id='word_1_55' title='bbox 282 1929 357 1990; x_wconf 92' lang='lat' dir='ltr'>alma</span> <span class='ocrx_word' id='word_1_56' title='bbox 379 1930 481 1999; x_wconf 88' lang='lat' dir='ltr'>Ceres,</span> <span class='ocrx_word' id='word_1_57' title='bbox 503 1938 600 1992; x_wconf 87' lang='lat' dir='ltr'>vestre</span> <span class='ocrx_word' id='word_1_58' title='bbox 622 1933 647 1990; x_wconf 92' lang='lat' dir='ltr'>si</span> <span class='ocrx_word' id='word_1_59' title='bbox 667 1948 791 1991; x_wconf 89' lang='lat' dir='ltr'>munere</span> <span class='ocrx_word' id='word_1_60' title='bbox 811 1930 898 1991; x_wconf 90' lang='lat' dir='ltr'>tellus</span> 
     </span>
     <span class='ocr_line' id='line_1_12' title="bbox 122 2011 819 2090; baseline 0 -18"><span class='ocrx_word' id='word_1_61' title='bbox 122 2011 280 2073; x_wconf 86' lang='lat' dir='ltr'>Chaoniam</span> <span class='ocrx_word' id='word_1_62' title='bbox 302 2013 403 2090; x_wconf 85' lang='lat' dir='ltr'>pingui</span> <span class='ocrx_word' id='word_1_63' title='bbox 424 2012 561 2090; x_wconf 84' lang='lat' dir='ltr'>glandem</span> <span class='ocrx_word' id='word_1_64' title='bbox 581 2015 703 2074; x_wconf 91' lang='lat' dir='ltr'>mutavit</span> <span class='ocrx_word' id='word_1_65' title='bbox 724 2015 819 2082; x_wconf 89' lang='lat' dir='ltr'>arista,</span> 
     </span>
     <span class='ocr_line' id='line_1_13' title="bbox 122 2094 826 2173; baseline -0.001 -19"><span class='ocrx_word' id='word_1_66' title='bbox 122 2094 289 2173; x_wconf 86' lang='lat' dir='ltr'>poculaque</span> <span class='ocrx_word' id='word_1_67' title='bbox 309 2095 432 2155; x_wconf 86' lang='lat' dir='ltr'>inventis</span> <span class='ocrx_word' id='word_1_68' title='bbox 453 2095 591 2156; x_wconf 82' lang='lat' dir='ltr'>Acheloia</span> <span class='ocrx_word' id='word_1_69' title='bbox 611 2096 728 2155; x_wconf 78' lang='lat' dir='ltr'>miscuit</span> <span class='ocrx_word' id='word_1_70' title='bbox 747 2096 826 2163; x_wconf 80' lang='lat' dir='ltr'>uvis3</span> 
     </span>
     <span class='ocr_line' id='line_1_14' title="bbox 123 2176 1128 2254; baseline 0.002 -16"><span class='ocrx_word' id='word_1_71' title='bbox 123 2184 153 2238; x_wconf 88' lang='lat' dir='ltr'>et</span> <span class='ocrx_word' id='word_1_72' title='bbox 174 2195 240 2247; x_wconf 89' lang='lat' dir='ltr'>vus,</span> <span class='ocrx_word' id='word_1_73' title='bbox 262 2184 412 2254; x_wconf 81' lang='lat' dir='ltr'>agrestum</span> <span class='ocrx_word' id='word_1_74' title='bbox 433 2178 597 2252; x_wconf 87' lang='lat' dir='ltr'>praesentia</span> <span class='ocrx_word' id='word_1_75' title='bbox 618 2177 763 2246; x_wconf 70' lang='lat' dir='ltr'>numina„</span> <span class='ocrx_word' id='word_1_76' title='bbox 776 2176 864 2246; x_wconf 90' lang='lat' dir='ltr'>launi,</span> <span class='ocrx_word' id='word_1_77' title='bbox 1094 2189 1128 2240; x_wconf 91' lang='lat'>10</span> 
     </span>
     <span class='ocr_line' id='line_1_15' title="bbox 122 2257 942 2339; baseline -0.001 -19"><span class='ocrx_word' id='word_1_78' title='bbox 122 2261 197 2321; x_wconf 86' lang='lat' dir='ltr'>ferte</span> <span class='ocrx_word' id='word_1_79' title='bbox 218 2257 305 2318; x_wconf 91' lang='lat' dir='ltr'>simul</span> <span class='ocrx_word' id='word_1_80' title='bbox 326 2258 465 2338; x_wconf 82' lang='lat' dir='ltr'>faunique</span> <span class='ocrx_word' id='word_1_81' title='bbox 487 2259 591 2336; x_wconf 88' lang='lat' dir='ltr'>pedem</span> <span class='ocrx_word' id='word_1_82' title='bbox 613 2258 795 2338; x_wconf 79' lang='lat' dir='ltr'>dryadesque</span> <span class='ocrx_word' id='word_1_83' title='bbox 814 2258 942 2339; x_wconf 88' lang='lat' dir='ltr'>puellae:</span> 
     </span>
     <span class='ocr_line' id='line_1_16' title="bbox 76 2343 1028 2422; baseline 0.001 -19"><span class='ocrx_word' id='word_1_84' title='bbox 76 2361 81 2379; x_wconf 92' lang='lat'><em>·</em></span> <span class='ocrx_word' id='word_1_85' title='bbox 121 2360 246 2404; x_wconf 88' lang='lat' dir='ltr'>munera</span> <span class='ocrx_word' id='word_1_86' title='bbox 267 2349 364 2402; x_wconf 91' lang='lat' dir='ltr'>vestra</span> <span class='ocrx_word' id='word_1_87' title='bbox 386 2359 468 2402; x_wconf 90' lang='lat' dir='ltr'>cano.</span> <span class='ocrx_word' id='word_1_88' title='bbox 506 2348 596 2422; x_wconf 92' lang='lat' dir='ltr'>tuque</span> <span class='ocrx_word' id='word_1_89' title='bbox 618 2360 650 2412; x_wconf 88' lang='lat' dir='ltr'>c,</span> <span class='ocrx_word' id='word_1_90' title='bbox 673 2343 720 2402; x_wconf 91' lang='lat' dir='ltr'>cui</span> <span class='ocrx_word' id='word_1_91' title='bbox 740 2343 835 2419; x_wconf 91' lang='lat' dir='ltr'>prima</span> <span class='ocrx_word' id='word_1_92' title='bbox 856 2343 1028 2404; x_wconf 82' lang='lat' dir='ltr'>frementem</span> 
     </span>
     <span class='ocr_line' id='line_1_17' title="bbox 121 2423 865 2504; baseline 0 -18"><span class='ocrx_word' id='word_1_93' title='bbox 121 2425 196 2486; x_wconf 84' lang='lat' dir='ltr'>ludit</span> <span class='ocrx_word' id='word_1_94' title='bbox 218 2443 324 2504; x_wconf 87' lang='lat' dir='ltr'>equom</span> <span class='ocrx_word' id='word_1_95' title='bbox 345 2442 451 2502; x_wconf 82' lang='lat' dir='ltr'>magno</span> <span class='ocrx_word' id='word_1_96' title='bbox 472 2423 558 2486; x_wconf 90' lang='lat' dir='ltr'>tellus</span> <span class='ocrx_word' id='word_1_97' title='bbox 578 2442 718 2503; x_wconf 86' lang='lat' dir='ltr'>pereussa</span> <span class='ocrx_word' id='word_1_98' title='bbox 738 2426 865 2497; x_wconf 84' lang='lat' dir='ltr'>tridenti,</span> 
     </span>
     <span class='ocr_line' id='line_1_18' title="bbox 122 2507 933 2588; baseline 0 -19"><span class='ocrx_word' id='word_1_99' title='bbox 122 2508 269 2586; x_wconf 88' lang='lat' dir='ltr'>Neptune;</span> <span class='ocrx_word' id='word_1_100' title='bbox 294 2515 322 2569; x_wconf 93' lang='lat' dir='ltr'>et</span> <span class='ocrx_word' id='word_1_101' title='bbox 344 2507 439 2569; x_wconf 88' lang='lat' dir='ltr'>cultor</span> <span class='ocrx_word' id='word_1_102' title='bbox 459 2526 628 2579; x_wconf 89' lang='lat' dir='ltr'>nemorum,</span> <span class='ocrx_word' id='word_1_103' title='bbox 652 2509 698 2569; x_wconf 92' lang='lat' dir='ltr'>cui</span> <span class='ocrx_word' id='word_1_104' title='bbox 719 2509 837 2588; x_wconf 80' lang='lat' dir='ltr'>pinguia</span> <span class='ocrx_word' id='word_1_105' title='bbox 859 2510 933 2571; x_wconf 84' lang='lat' dir='ltr'>Ceae</span> 
     </span>
     <span class='ocr_line' id='line_1_19' title="bbox 121 2591 1126 2661; baseline 0.003 -10"><span class='ocrx_word' id='word_1_106' title='bbox 121 2599 168 2652; x_wconf 90' lang='lat' dir='ltr'>ter</span> <span class='ocrx_word' id='word_1_107' title='bbox 190 2597 307 2653; x_wconf 92' lang='lat' dir='ltr'>centum</span> <span class='ocrx_word' id='word_1_108' title='bbox 328 2592 404 2652; x_wconf 88' lang='lat' dir='ltr'>nivei</span> <span class='ocrx_word' id='word_1_109' title='bbox 425 2591 547 2654; x_wconf 81' lang='lat' dir='ltr'>tundent</span> <span class='ocrx_word' id='word_1_110' title='bbox 568 2591 717 2653; x_wconf 90' lang='lat' dir='ltr'>dummeta</span> <span class='ocrx_word' id='word_1_111' title='bbox 737 2593 865 2661; x_wconf 78' lang='lat' dir='ltr'>iuvenci:</span> <span class='ocrx_word' id='word_1_112' title='bbox 1094 2605 1126 2655; x_wconf 85' lang='lat'>15</span> 
     </span>
     <span class='ocr_line' id='line_1_20' title="bbox 121 2673 909 2754; baseline -0.001 -20"><span class='ocrx_word' id='word_1_113' title='bbox 121 2677 185 2752; x_wconf 90' lang='lat' dir='ltr'>ipsc</span> <span class='ocrx_word' id='word_1_114' title='bbox 206 2692 311 2735; x_wconf 90' lang='lat' dir='ltr'>nemus</span> <span class='ocrx_word' id='word_1_115' title='bbox 331 2673 466 2753; x_wconf 88' lang='lat' dir='ltr'>linquens</span> <span class='ocrx_word' id='word_1_116' title='bbox 487 2675 614 2752; x_wconf 89' lang='lat' dir='ltr'>patrium</span> <span class='ocrx_word' id='word_1_117' title='bbox 635 2674 783 2753; x_wconf 88' lang='lat' dir='ltr'>saltusque</span> <span class='ocrx_word' id='word_1_118' title='bbox 805 2676 909 2754; x_wconf 80' lang='lat' dir='ltr'>Lycaei</span> 
     </span>
     <span class='ocr_line' id='line_1_21' title="bbox 121 2756 909 2828; baseline -0.001 -9"><span class='ocrx_word' id='word_1_119' title='bbox 121 2759 197 2828; x_wconf 91' lang='lat' dir='ltr'>Pan,</span> <span class='ocrx_word' id='word_1_120' title='bbox 220 2757 316 2817; x_wconf 87' lang='lat' dir='ltr'>ovium</span> <span class='ocrx_word' id='word_1_121' title='bbox 338 2764 450 2828; x_wconf 85' lang='lat' dir='ltr'>custos,</span> <span class='ocrx_word' id='word_1_122' title='bbox 472 2764 522 2818; x_wconf 92' lang='lat' dir='ltr'>tua</span> <span class='ocrx_word' id='word_1_123' title='bbox 544 2759 568 2818; x_wconf 91' lang='lat' dir='ltr'>si</span> <span class='ocrx_word' id='word_1_124' title='bbox 589 2758 642 2818; x_wconf 88' lang='lat' dir='ltr'>tibi</span> <span class='ocrx_word' id='word_1_125' title='bbox 661 2756 791 2818; x_wconf 86' lang='lat' dir='ltr'>Maenala</span> <span class='ocrx_word' id='word_1_126' title='bbox 813 2775 909 2827; x_wconf 92' lang='lat' dir='ltr'>curae,</span> 
     </span>
     <span class='ocr_line' id='line_1_22' title="bbox 122 2839 868 2918; baseline -0.003 -16"><span class='ocrx_word' id='word_1_127' title='bbox 122 2840 214 2910; x_wconf 90' lang='lat' dir='ltr'>adsis,</span> <span class='ocrx_word' id='word_1_128' title='bbox 238 2858 255 2899; x_wconf 91' lang='lat' dir='ltr'>c</span> <span class='ocrx_word' id='word_1_129' title='bbox 277 2839 424 2918; x_wconf 80' lang='lat' dir='ltr'>Tegeaee,</span> <span class='ocrx_word' id='word_1_130' title='bbox 445 2841 558 2910; x_wconf 76' lang='lat' dir='ltr'>lavone,</span> <span class='ocrx_word' id='word_1_131' title='bbox 570 2840 719 2918; x_wconf 79' lang='lat' dir='ltr'>&#39;oleaeque</span> <span class='ocrx_word' id='word_1_132' title='bbox 740 2839 868 2901; x_wconf 85' lang='lat' dir='ltr'>Minerva</span> 
     </span>
     <span class='ocr_line' id='line_1_23' title="bbox 122 2923 843 3001; baseline -0.003 -17"><span class='ocrx_word' id='word_1_133' title='bbox 122 2923 280 2992; x_wconf 82' lang='lat' dir='ltr'>inventrix,</span> <span class='ocrx_word' id='word_1_134' title='bbox 303 2923 430 3001; x_wconf 89' lang='lat' dir='ltr'>uncique</span> <span class='ocrx_word' id='word_1_135' title='bbox 451 2940 525 3000; x_wconf 91' lang='lat' dir='ltr'>puer</span> <span class='ocrx_word' id='word_1_136' title='bbox 546 2927 724 2998; x_wconf 79' lang='lat' dir='ltr'>monstrator</span> <span class='ocrx_word' id='word_1_137' title='bbox 745 2924 843 2992; x_wconf 89' lang='lat' dir='ltr'>aratri,</span> 
     </span>
     <span class='ocr_line' id='line_1_24' title="bbox 124 3002 1127 3083; baseline 0.001 -16"><span class='ocrx_word' id='word_1_138' title='bbox 124 3013 153 3067; x_wconf 89' lang='lat' dir='ltr'>et</span> <span class='ocrx_word' id='word_1_139' title='bbox 174 3012 306 3067; x_wconf 90' lang='lat' dir='ltr'>teneram</span> <span class='ocrx_word' id='word_1_140' title='bbox 327 3004 364 3064; x_wconf 89' lang='lat' dir='ltr'>ab</span> <span class='ocrx_word' id='word_1_141' title='bbox 386 3004 485 3066; x_wconf 87' lang='lat' dir='ltr'>radice</span> <span class='ocrx_word' id='word_1_142' title='bbox 506 3006 617 3076; x_wconf 88' lang='lat' dir='ltr'>lcreus,</span> <span class='ocrx_word' id='word_1_143' title='bbox 640 3002 769 3073; x_wconf 87' lang='lat' dir='ltr'>Silvane,</span> <span class='ocrx_word' id='word_1_144' title='bbox 793 3022 979 3083; x_wconf 66' lang='lat' dir='ltr'>cupressum</span> <span class='ocrx_word' id='word_1_145' title='bbox 1091 3015 1127 3068; x_wconf 78' lang='lat' dir='ltr'>tu</span> 
     </span>
     <span class='ocr_line' id='line_1_25' title="bbox 120 3087 972 3168; baseline -0.001 -18"><span class='ocrx_word' id='word_1_146' title='bbox 120 3089 210 3168; x_wconf 88' lang='lat' dir='ltr'>dique</span> <span class='ocrx_word' id='word_1_147' title='bbox 232 3087 361 3166; x_wconf 90' lang='lat' dir='ltr'>deaeque</span> <span class='ocrx_word' id='word_1_148' title='bbox 383 3105 497 3158; x_wconf 84' lang='lat' dir='ltr'>omncs,</span> <span class='ocrx_word' id='word_1_149' title='bbox 525 3087 652 3148; x_wconf 91' lang='lat' dir='ltr'>studium</span> <span class='ocrx_word' id='word_1_150' title='bbox 674 3087 779 3166; x_wconf 88' lang='lat' dir='ltr'>quibus</span> <span class='ocrx_word' id='word_1_151' title='bbox 800 3106 868 3148; x_wconf 87' lang='lat' dir='ltr'>arva</span> <span class='ocrx_word' id='word_1_152' title='bbox 888 3089 972 3160; x_wconf 89' lang='lat' dir='ltr'>tueri,</span> 
     </span>
     <span class='ocr_line' id='line_1_26' title="bbox 124 3170 861 3251; baseline -0.004 -18"><span class='ocrx_word' id='word_1_153' title='bbox 124 3174 232 3251; x_wconf 91' lang='lat' dir='ltr'>quique</span> <span class='ocrx_word' id='word_1_154' title='bbox 253 3188 342 3232; x_wconf 88' lang='lat' dir='ltr'>novas</span> <span class='ocrx_word' id='word_1_155' title='bbox 364 3171 438 3233; x_wconf 89' lang='lat' dir='ltr'>alitis</span> <span class='ocrx_word' id='word_1_156' title='bbox 459 3189 519 3233; x_wconf 85' lang='lat' dir='ltr'>non</span> <span class='ocrx_word' id='word_1_157' title='bbox 540 3170 600 3231; x_wconf 89' lang='lat' dir='ltr'>ullo</span> <span class='ocrx_word' id='word_1_158' title='bbox 621 3171 732 3232; x_wconf 89' lang='lat' dir='ltr'>semine</span> <span class='ocrx_word' id='word_1_159' title='bbox 752 3171 861 3247; x_wconf 79' lang='lat' dir='ltr'>fruges,</span> 
     </span>
    </p>
   </div>
   <div class='ocr_carea' id='block_1_5' title="bbox 101 3253 1125 3504">
    <p class='ocr_par' dir='ltr' id='par_1_5' title="bbox 101 3253 1125 3504">
     <span class='ocr_line' id='line_1_27' title="bbox 124 3253 887 3335; baseline -0.001 -20"><span class='ocrx_word' id='word_1_160' title='bbox 124 3255 231 3335; x_wconf 92' lang='lat' dir='ltr'>quique</span> <span class='ocrx_word' id='word_1_161' title='bbox 252 3255 321 3315; x_wconf 89' lang='lat' dir='ltr'>satis</span> <span class='ocrx_word' id='word_1_162' title='bbox 341 3255 456 3334; x_wconf 78' lang='lat' dir='ltr'>largum</span> <span class='ocrx_word' id='word_1_163' title='bbox 478 3253 558 3317; x_wconf 88' lang='lat' dir='ltr'>caelo</span> <span class='ocrx_word' id='word_1_164' title='bbox 581 3254 727 3316; x_wconf 90' lang='lat' dir='ltr'>demittitis</span> <span class='ocrx_word' id='word_1_165' title='bbox 748 3253 887 3324; x_wconf 77' lang='lat' dir='ltr'>imbrem:</span> 
     </span>
     <span class='ocr_line' id='line_1_28' title="bbox 101 3336 1000 3420; baseline -0.004 -21"><span class='ocrx_word' id='word_1_166' title='bbox 101 3341 105 3347; x_wconf 79' lang='grc'><em>’</em></span> <span class='ocrx_word' id='word_1_167' title='bbox 124 3345 215 3419; x_wconf 89' lang='lat' dir='ltr'>tuque</span> <span class='ocrx_word' id='word_1_168' title='bbox 236 3338 325 3407; x_wconf 90' lang='lat' dir='ltr'>adeo,</span> <span class='ocrx_word' id='word_1_169' title='bbox 349 3356 435 3417; x_wconf 91' lang='lat' dir='ltr'>quem</span> <span class='ocrx_word' id='word_1_170' title='bbox 457 3357 525 3400; x_wconf 85' lang='lat' dir='ltr'>mcx</span> <span class='ocrx_word' id='word_1_171' title='bbox 547 3355 621 3420; x_wconf 85' lang='lat' dir='ltr'>quae</span> <span class='ocrx_word' id='word_1_172' title='bbox 642 3338 700 3398; x_wconf 88' lang='lat' dir='ltr'>sint</span> <span class='ocrx_word' id='word_1_173' title='bbox 721 3336 855 3398; x_wconf 90' lang='lat' dir='ltr'>habitura</span> <span class='ocrx_word' id='word_1_174' title='bbox 877 3339 1000 3398; x_wconf 81' lang='lat' dir='ltr'>deorum</span> 
     </span>
     <span class='ocr_line' id='line_1_29' title="bbox 125 3419 1125 3504; baseline -0.005 -20"><span class='ocrx_word' id='word_1_175' title='bbox 125 3419 247 3484; x_wconf 88' lang='lat' dir='ltr'>concilia</span> <span class='ocrx_word' id='word_1_176' title='bbox 268 3421 412 3482; x_wconf 85' lang='lat' dir='ltr'>incertum</span> <span class='ocrx_word' id='word_1_177' title='bbox 433 3430 490 3492; x_wconf 91' lang='lat' dir='ltr'>est,</span> <span class='ocrx_word' id='word_1_178' title='bbox 514 3420 632 3482; x_wconf 87' lang='lat' dir='ltr'>urbisne</span> <span class='ocrx_word' id='word_1_179' title='bbox 653 3420 791 3489; x_wconf 86' lang='lat' dir='ltr'>invisere,</span> <span class='ocrx_word' id='word_1_180' title='bbox 815 3420 929 3504; x_wconf 71' lang='lat' dir='ltr'>Cacsar,</span> <span class='ocrx_word' id='word_1_181' title='bbox 1091 3428 1125 3479; x_wconf 75' lang='lat' dir='ltr'>rs</span> 
     </span>
    </p>
   </div>
   <div class='ocr_carea' id='block_1_6' title="bbox 0 0 1260 4096">
    <p class='ocr_par' dir='ltr' id='par_1_6' title="bbox 0 0 1260 4096">
     <span class='ocr_line' id='line_1_30' title="bbox 0 0 1260 4096; baseline 0 1"><span class='ocrx_word' id='word_1_182' title='bbox 0 0 1260 4096; x_wconf 95' lang='lat' dir='ltr'> </span> 
     </span>
    </p>
   </div>
  </div>
 </body>
</html>
