2512 4096
300 795 342 871 P.
365 792 583 871 VERGILI
610 794 843 873 MARONIS

227 901 1017 1067 suanacas*

409 1139 525 1200 nnus
551 1137 740 1206 Qvnrrvs
861 1170 863 1174 ν

108 1468 268 1548 Arragina
289 1469 371 1546 gravi
392 1468 552 1529 iandudum
570 1469 668 1529 saucia
690 1486 759 1530 cura

69 1548 170 1615 volnus
191 1549 244 1612 alit
264 1552 361 1620 venis,
384 1548 419 1612 ct
435 1569 522 1613 caeco
543 1552 672 1629 carpitur
690 1553 759 1631 igni.

68 1636 157 1698 mrdta
178 1636 232 1697 viri
250 1635 343 1696 virtus
364 1636 461 1696 animo
481 1634 647 1714 multusque
664 1645 798 1697 recursat

67 1720 161 1797 gentis
181 1718 291 1789 honos,
312 1717 436 1780 haerent
451 1719 531 1780 infixi
552 1726 672 1799 pectore
693 1720 788 1780 voltus

67 1804 227 1884 verbaque,
249 1820 305 1864 nec
326 1801 472 1881 placidam
496 1801 637 1865 memhris
659 1802 708 1864 dat
726 1821 796 1864 cura
816 1805 952 1882 quietem.
1066 1817 1083 1868 5

66 1894 184 1965 postera
204 1884 341 1948 Phoebea
362 1886 507 1949 lustrabat
528 1886 663 1965 lampade
683 1894 778 1948 terras

68 1978 275 2048 umentemque
296 1968 410 2031 Aurora
427 1970 496 2049 poio
519 1971 679 2032 dimoverat
699 1969 850 2039 umbram,

10 2054 14 2060 ’
69 2070 136 2113 cnm
157 2052 199 2113 sic
218 2053 386 2113 unanimam
407 2053 572 2131 adloquitur
594 2051 670 2114 male
688 2070 758 2112 sana
779 2068 927 2112 sororem:

12 2186 23 2201 .,
69 2137 166 2196 ‘Anna
189 2152 291 2205 soror,
314 2152 390 2213 quac
410 2153 458 2197 me
477 2153 649 2213 suspensam
668 2136 812 2195 insomnia
833 2137 977 2196 terrenti

69 2221 134 2299 quis
155 2235 247 2280 noros
267 2218 315 2278 hic
333 2218 441 2279 nostris
462 2220 603 2280 successit
623 2217 742 2280 sedibus
763 2219 883 2297 hospes,
1052 2232 1085 2284 ιο

68 2321 154 2383 quem
177 2320 242 2364 sese
263 2318 316 2363 ore
337 2301 450 2372 ferens,
473 2318 561 2380 quam
583 2301 651 2363 forti
671 2308 791 2381 pectore
814 2310 842 2364 et
863 2304 965 2364 armis!

16 2397 18 2400 ’
69 2387 157 2448 credo
180 2385 330 2466 equidem,
352 2403 409 2447 nec
428 2402 502 2447 vana
522 2386 608 2458 fldes,
632 2403 725 2464 genus
748 2403 811 2448 esse
831 2387 963 2450 deorum.
1061 2386 1063 2390 ’

68 2471 234 2550 degeneres,
250 2472 362 2531 animos
384 2471 471 2530 timor
492 2470 596 2549 arguit
640 2471 696 2531 heu
720 2470 826 2550 quibus
845 2469 893 2532 ille

68 2556 189 2616 iactatus
210 2555 276 2616 fatis
297 2571 372 2633 quae
393 2553 470 2615 bella
491 2554 629 2615 exhausta
648 2553 786 2616 canebat!

68 2640 93 2698 si
113 2638 184 2700 mihi
205 2656 265 2699 non
285 2640 382 2700 animo
405 2639 496 2700 tirum
517 2639 729 2717 immotumque
750 2640 880 2710 sederet,
1053 2650 1083 2701 15

67 2725 153 2783 necui
172 2740 220 2784 mc
240 2721 335 2787 vinclo
355 2720 460 2784 rehem
481 2725 595 2784 sociare
616 2721 717 2801 iugali,

67 2813 221 2884 postquam
242 2805 354 2884 primus
374 2823 458 2866 amor
480 2807 632 2885 deceptam
653 2813 749 2866 morte
768 2805 883 2876 fefellit3

68 2889 92 2948 δί
113 2905 173 2947 ¹1⁰ss
187 2887 680 2982 ‚PQQQIQQQ
699 2888 815 2958 fuisset,
927 2901 1088 2979 „Qun-teax

68 2971 137 3032 huic
157 2975 208 3032 uni
227 2971 327 3034 forsan
349 2972 432 3050 potui
453 2971 646 3032 succumbere
669 2970 781 3049 cnlpae.
1114 3007 1116 3010 <

68 3057 165 3125 Anna,
189 3054 305 3116 fatebor
325 3056 417 3124 enim,
441 3055 540 3115 miseri
556 3061 623 3132 post
643 3053 700 3114 iata
724 3052 845 3133 Sychaei
1052 3063 1086 3115 ιο

68 3139 200 3218 coniugis
221 3146 250 3201 et
270 3156 388 3218 sparsos
408 3137 482 3200 irate
519 3156 536 3200 a
558 3137 648 3282 οιιΣᾱι
669 3145 805 3218 papates,

68 3222 147 3286 solus
169 3223 216 3284 hic
235 3223 345 3288 inflexit
363 3216 505 3283 'sensusa
529 3224 536 3238 '
568 3240 588 3283 ιι
619 3238 678 3301 que
699 3221 845 3283 lahantem

68 3306 189 3383 impulit.
234 3307 382 3386 adgnosco
402 3307 509 3368 veteris
528 3307 647 3384 vestigia
669 3305 813 3367 flammae.

67 3390 119 3452 sed
134 3390 205 3451 mihi
224 3389 271 3452 vel
293 3389 377 3450 tellus
399 3396 498 3468 optem
518 3391 600 3469 prius
621 3391 679 3451 ima
698 3390 828 3451 dehiscat
923 3444 927 3449 .

69 3475 113 3536 vel
131 3481 215 3553 pater
238 3474 420 3551 omnipotens
442 3472 540 3552 abigat
560 3492 608 3535 me
625 3472 747 3534 fulmine
769 3473 806 3533 ad
824 3472 960 3533 umbras.
1052 3476 1084 3531 ιθ
