2512 4096
348 118 491 166 vonam
513 115 716 165 anonfflcon
738 116 779 163 111

54 293 145 358 pasce
167 291 236 335 sero
258 274 367 352 pingui.
412 291 572 352 numquam
595 272 767 333 custodibus
788 270 844 332 illis

54 366 238 422 uocnrrnum
260 356 381 418 stabulis
402 356 500 418 iurem
521 358 717 435 incursusque
738 355 875 433 luporum

57 450 109 506 aut
128 444 282 520 inpacatos
303 459 320 501 a
342 448 425 519 tergo
447 439 585 501 horrebis
606 440 741 501 Hiberos.

59 544 148 606 saepe
171 527 258 587 etiam
282 543 371 586 cursu
394 524 510 585 timidos
532 523 655 602 agitabis
677 540 814 600 onagros,

60 618 89 673 et
110 609 234 671 canibus
255 609 401 687 leporem,
425 608 548 669 canibus
569 607 716 668 venabere
738 607 883 675 dammas;
1025 615 1077 668 410

60 711 148 772 saepe
172 692 332 754 volutabris
353 692 454 770 pulsos
476 691 657 752 silvestribus
679 709 767 769 apros

60 776 168 840 latratu
190 775 322 838 turbabis
345 792 450 853 agens,
472 777 639 854 montisque
660 792 714 852 per
737 773 810 836 altos

61 863 212 940 ingentem
233 859 362 921 clamore
384 877 500 938 premes
522 860 559 921 ad
581 861 655 921 retia
678 877 804 920 cervom.

102 945 190 1007 Disce
212 951 241 1004 et
262 945 412 1005 odoratam
436 944 558 1005 stabulis
580 943 743 1004 accendere
764 941 895 1008 cedrum,

61 1027 264 1108 galbaneoque
286 1030 395 1106 agitare
417 1030 513 1104 gravis
535 1028 639 1089 nidore
662 1026 825 1106 chelydros.
1026 1034 1078 1086 415

62 1130 150 1191 saepe
173 1111 228 1172 sub
250 1113 378 1171 immotis
399 1111 592 1188 praesepibus
614 1119 664 1172 aut
685 1109 761 1171 mala
783 1117 862 1170 tactu

61 1198 162 1274 vipera
185 1194 297 1257 delituit
319 1192 491 1273 caelumque
513 1196 652 1255 exterrita
674 1195 761 1272 fugit,

62 1286 113 1342 aut
132 1285 212 1340 tecto
234 1279 373 1339 adsuetus
395 1276 516 1341 coluber
538 1277 698 1339 succedere
720 1284 748 1338 et
770 1276 901 1346 umbrae,

62 1363 163 1443 (pestis
185 1361 292 1423 acerba
314 1361 415 1442 boum)
436 1363 597 1439 pecorique
619 1379 777 1439 aspergere
798 1361 887 1430 virus,

61 1446 134 1507 lovit
154 1446 287 1507 humum.
332 1462 404 1522 cape
425 1463 494 1505 saxa
516 1463 620 1515 manu,
644 1463 716 1523 cape
737 1445 862 1515 robora,
885 1451 985 1522 pastor
1028 1453 1080 1505 400

61 1529 272 1608 tollentemque
293 1531 387 1590 minas
410 1536 438 1589 ot
459 1528 542 1589 sibila
565 1528 640 1590 colla
661 1536 821 1591 tumentem

63 1614 154 1676 deice.
200 1614 317 1692 iamque
338 1614 407 1691 luga
430 1613 562 1675 timidum
584 1621 672 1692 caput
693 1613 805 1674 abdidit
826 1612 891 1682 alte,

64 1715 132 1759 cum
153 1696 242 1757 medii
264 1714 356 1758 nexus
378 1704 585 1776 extremaeque
607 1699 722 1777 agmina
745 1697 856 1758 candae

62 1780 230 1851 solvontur,
252 1781 411 1860 tardosque
432 1781 521 1841 trahit
541 1783 622 1842 sinus
643 1780 762 1842 ultimus
783 1779 873 1840 orbis.

64 1871 107 1927 ast
130 1865 219 1925 etiam
240 1863 288 1926 ille
309 1864 403 1926 malus
426 1864 556 1926 Calabris
577 1866 607 1925 in
629 1862 751 1925 saltibus
773 1862 885 1939 anguis,
1031 1869 1081 1924 4²5

63 1966 204 2028 squamea
226 1947 402 2010 convolvens
424 1948 538 2009 sublato
560 1954 682 2025 pectore
702 1953 786 2024 terga

63 2039 152 2112 atque
173 2033 250 2092 notis
270 2031 388 2110 longam
409 2031 576 2091 maculosus
597 2029 757 2107 grandibus
778 2026 889 2096 alvom,

63 2118 128 2195 qui,
159 2115 230 2177 dum
252 2133 353 2175 amnes
375 2114 426 2175 ulli
447 2119 625 2190 rumpuntur
647 2111 775 2173 lontibus
798 2119 826 2173 et
848 2112 918 2173 dum

64 2217 135 2261 vere
157 2198 278 2260 madent
299 2199 358 2259 udo
380 2205 479 2258 terrae
502 2215 537 2257 ac
557 2194 733 2275 pluvialibus
755 2197 871 2265 austris,

63 2290 167 2362 stagna
190 2281 273 2352 colit,
297 2283 428 2361 ripisque
448 2280 584 2341 habitans
601 2279 657 2338 sibl
673 2280 804 2357 piscibus
826 2287 920 2341 atram
1031 2287 1082 2340 430

64 2365 218 2444 improbus
239 2366 397 2445 ingluviem
416 2367 553 2443 ranisque
574 2363 746 2441 loquacibus
769 2363 878 2442 explet;

65 2458 223 2530 postquam
245 2458 347 2511 exusta
369 2449 466 2528 palus,
489 2457 647 2527 terraeque
668 2448 776 2510 ardore
798 2448 961 2517 dehiscunt,

64 2533 171 2597 exsulit
191 2535 222 2594 iu
244 2535 369 2605 siccum,
401 2542 429 2594 et
449 2534 627 2593 flammantia
648 2530 759 2593 lumina
780 2540 921 2611 torquens

66 2619 158 2680 saevit
179 2619 258 2694 agris
280 2636 425 2696 asperque
447 2620 494 2679 siti
516 2625 602 2695 atque
626 2619 782 2678 exterritus
804 2624 896 2678 aestu.

65 2719 103 2763 ue
124 2702 197 2762 mihi
219 2709 282 2762 tum
303 2700 398 2761 mollis
421 2702 475 2763 suh
499 2702 564 2761 divo
587 2718 711 2778 carpere
732 2719 852 2761 somnos
1032 2706 1083 2761 406

68 2803 125 2849 000
147 2786 235 2846 dorso
258 2787 388 2846 nemoris
409 2785 498 2846 libeat
520 2786 643 2845 iacuisse
665 2802 719 2861 per
741 2785 858 2853 herbas,

69 2887 135 2930 cum
157 2870 258 2946 positis
281 2888 372 2929 novos
395 2870 503 2930 exuviis
525 2869 693 2945 nitidusque
714 2870 852 2928 iuventa·

67 2950 191 3013 volvitur
214 2962 264 3014 aut
286 2953 397 3014 catulos
420 2954 503 3013 tectis
525 2959 574 3012 aut
596 2970 649 3011 ova
671 2950 840 3030 relinquens

67 3036 179 3097 arduus
200 3037 238 3097 ad
259 3036 366 3108 solem,
390 3044 419 3098 et
440 3036 546 3113 linguis
567 3037 656 3095 micat
678 3053 730 3096 ore
751 3036 887 3097 trisulcis.

109 3118 282 3181 Morborum
304 3140 421 3201 quoque
442 3128 472 3182 tc
494 3137 597 3181 causas
620 3128 649 3179 et
670 3121 752 3196 sigua
778 3120 900 3181 docebo.
1034 3127 1084 3178 440

68 3204 163 3281 turpis
186 3206 246 3264 ovis
268 3213 390 3283 temptat
411 3205 540 3276 scabies,
563 3204 614 3265 ubi
630 3204 752 3281 irigidns
775 3204 870 3266 imber

69 3286 154 3347 altius
176 3288 213 3348 ad
234 3289 329 3349 vivom
350 3291 480 3366 persedit
502 3296 531 3349 ot
552 3288 672 3348 horrida
696 3307 768 3348 cano

68 3369 174 3432 bruma
196 3372 279 3449 gelu,
303 3372 348 3432 vel
370 3392 436 3433 cum
458 3373 549 3432 tonsis
570 3370 697 3432 inlautus
718 3373 849 3434 adhaesit

120 3489 252 3536 0000000,
273 3489 386 3524 vanem.
857 3473 875 3527 5
