2512 4096
401 267 544 314 unacum
565 268 692 316 ssnms
711 269 752 316 111
1025 256 1079 319 tal

37 468 50 483 2
69 420 210 484 caeruleis
228 423 451 483 maestaevittis
473 430 594 500 atraque
615 439 770 500 cupresso,
1132 496 1135 501 ,

69 513 98 566 ct
119 506 229 565 circum
250 505 359 577 Iliades,
373 504 485 566 crinem
507 504 543 566 de
563 522 647 565 more
666 504 792 577 solutae:
1048 512 1083 568 65
1106 534 1118 553 ι·

67 589 218 649 interimus
239 590 338 667 tepido
359 589 523 666 spumantia
541 588 653 667 cymbia
674 587 752 651 laete-

67 673 215 750 sanguinis
237 679 265 732 et
285 673 361 732 sacri
383 678 514 749 pateras,
538 673 724 751 animamque
745 672 902 752 sepulchro

67 755 219 817 condimus
242 763 271 816 et
292 772 398 834 magna
421 772 591 833 supremum
609 772 681 815 voce
704 757 823 819 ciemuse
873 781 886 807 a

107 837 179 898 Inde
200 837 251 899 nbi
274 840 369 915 prima
388 838 461 899 lldes
482 837 601 916 pelagm
623 837 796 918 placataque
815 842 910 902 venti-

67 923 137 982 dant
157 923 248 983 maria
268 930 297 983 et
316 921 390 982 lenis
408 923 555 1000 crepitans
576 929 660 983 vocat
681 930 779 985 auster
801 926 831 985 in
856 923 960 992 altum,
1048 929 1082 984 'to
1104 948 1107 953 ·

66 1004 215 1066 deducunt
234 1007 306 1066 socii
325 1007 404 1066 navis
425 1015 455 1066 et
474 1003 560 1066 litora
582 1005 737 1085 complent.

65 1087 255 1167 provehimur
276 1097 376 1166 portu,
399 1095 558 1167 terraeque
578 1088 727 1170 urbesque
747 1091 898 1153 recedunt.

65 1189 149 1232 sacra
171 1173 245 1233 mari
267 1172 372 1233 colitur
393 1171 490 1234 medio
506 1174 670 1250 gratissima
691 1173 777 1236 tellus

65 1254 224 1317 Nereidum
247 1258 334 1316 matri
355 1264 384 1317 et
405 1255 542 1335 Neptuno
564 1259 696 1334 Aegaeo,

66 1356 153 1418 mam
174 1341 241 1420 pius
261 1340 450 1419 arquitenens
472 1357 540 1401 oras
559 1348 588 1401 et
608 1341 692 1402 litora
709 1343 820 1402 circum

66 1431 213 1484 errantem
231 1423 355 1503 Mycono
377 1442 394 1484 e
416 1421 492 1484 celsa
513 1422 669 1504 Gyaroque
690 1426 826 1494 revinxit,

65 1507 273 1586 immotamque
293 1506 349 1569 coli
371 1506 451 1568 dedit
469 1515 498 1569 et
520 1512 708 1571 contemnere
728 1516 838 1570 ventos

49 1590 124 1650 „huc
145 1588 244 1661 leror,
267 1591 341 1653 haee
363 1591 457 1652 fessos
476 1598 539 1652 tuto
561 1591 755 1669 placidissima
776 1598 864 1670 portu

66 1674 180 1751 accipit.
225 1676 337 1752 egressi
357 1692 533 1737 veneramur
553 1674 693 1753 Apollinis
714 1675 830 1738 urbem.

64 1774 118 1818 rex
141 1757 247 1828 Anius,
270 1776 325 1820 rex
346 1759 424 1820 idem
438 1758 591 1820 hominum
610 1759 782 1840 Phoebique
803 1758 950 1827 sacerdos,

41 1841 139 1902 'vittis
161 1849 189 1901 et
209 1858 293 1903 saera
314 1843 467 1904 redimitus
488 1849 623 1921 tempora
643 1843 744 1914 lauro,

65 1927 209 1995 occurrit,
231 1932 360 1987 veterem
380 1926 527 1987 Anchisen
550 1926 685 2005 adgnovit
706 1928 841 1989 amicum.

63 2009 211 2086 iungimus
234 2008 360 2087 hospitio
382 2009 512 2078 dextras,
535 2016 562 2071 et
581 2011 817 2071 recusabimus.

105 2090 227 2170 Templa
250 2092 297 2152 dci
317 2090 387 2153 saxo
408 2091 571 2171 venerabar
593 2099 703 2154 suucta
724 2100 853 2153 vetusto:

65 2174 116 2235 ‘da
138 2174 304 2253 propriam,
323 2174 523 2254 Thymbraee,
546 2175 682 2244 domum;
705 2176 742 2235 da
759 2177 874 2236 moenia
892 2175 975 2235 sessis

11 2260 14 2267 '
63 2269 92 2321 et
117 2275 210 2336 genus
232 2267 260 2318 et
282 2275 451 2319 mansuram
469 2258 590 2327 urhem;
614 2277 698 2319 serva
718 2257 809 2319 altera
829 2258 935 2318 Troiae

49 2342 221 2422 Pergama,
244 2340 382 2421 reliquias
396 2341 528 2404 Danaum
550 2347 637 2420 atque
658 2342 776 2402 immitis
796 2340 909 2402 hebilli.

63 2443 150 2505 quem
174 2426 342 2505 sequimur?
365 2443 459 2504 quove
479 2426 523 2489 ire
542 2425 639 2496 iubes,
660 2423 712 2486 ubi
733 2443 845 2504 ponere
867 2425 969 2487 sedest

63 2508 115 2582 da,
137 2516 230 2588 pater,
253 2510 424 2587 augurium,
447 2516 534 2588 atque
558 2511 661 2570 animis
679 2508 810 2572 inlabere
830 2507 961 2570 noetus!

63 2594 109 2654 vix
131 2612 164 2654 ea
185 2593 262 2655 latras
280 2611 375 2655 eram:
398 2601 526 2654 tremere
551 2595 648 2654 omnia
666 2595 726 2655 visa
747 2601 883 2673 repente,

62 2675 219 2756 liminaque
239 2677 398 2756 laurusque
420 2676 482 2748 dci,
505 2685 643 2755 totusque
664 2679 776 2740 moveri

63 2775 147 2819 mons
168 2761 279 2821 circum
301 2770 330 2822 ct
350 2762 465 2840 mugire
486 2762 579 2840 adytis
602 2765 714 2824 cortina
734 2760 866 2823 reclusis.

63 2843 356 2920 summissipetimus
376 2853 502 2914 terram,
522 2852 551 2906 et
572 2863 628 2905 vox
650 2846 745 2907 fertur
767 2846 803 2906 ad
824 2844 919 2906 auris:

64 2918 262 2985 ‘Dardanidae
283 2926 366 2996 duri,
387 2945 462 3004 quae
482 2926 535 2988 vos'
557 2943 575 2989 a
593 2930 687 3006 stirpe
705 2936 863 3007 parentum

64 3007 158 3084 prhna
178 3004 244 3067 tulit
260 3007 359 3078 telluS,
380 3009 482 3069 eadem
501 3028 554 3069 vos
575 3009 669 3071 ubere
688 3010 765 3071 laeto

64 3090 187 3167 accipiet
210 3090 344 3151 reduces.
389 3091 538 3169 antiquam
559 3093 702 3170 exquhite
722 3100 860 3155 matrem..

63 3173 111 3233 hic
132 3173 237 3234 domus
258 3180 373 3236 Aeneae
398 3175 511 3236 cunctis
533 3173 730 3236 dominabitur
749 3178 824 3245 oris,

64 3264 92 3317 et
112 3257 173 3318 nati
194 3266 330 3319 natorum
353 3265 381 3319 et
402 3258 452 3338 qui
473 3264 631 3320 nascentur
653 3258 689 3319 ab
708 3257 789 3319 illis!

63 3340 137 3400 haee
157 3339 308 3409 Phoebus;
329 3344 479 3422 mixtoque
499 3344 603 3420 ingens
626 3349 727 3404 exorta
748 3342 875 3404 tumultu

61 3423 186 3493 laetitia,
210 3433 239 3485 et
261 3426 358 3485 cuncti
380 3444 455 3506 quae
475 3425 532 3487 sint
554 3444 588 3488 ea
609 3427 724 3487 moenia
747 3432 906 3505 quaerunt,

62 3494 282 3587 quollhoebus
305 3515 388 3570 vocet
410 3511 534 3571 errantis
555 3510 711 3589 iubeatque
729 3511 847 3573 reverti.

825 3609 870 3668 92
