2512 4096
187 218 246 282 ild
521 225 668 275 vnnorm
689 223 816 274 nnuma
839 224 866 272 11

184 384 280 448 tundit
301 401 387 455 ecus,
408 383 561 462 victorque
583 379 675 442 Sinon
693 380 828 442 incendia
849 379 953 440 miscet

183 467 336 530 insultans.
380 468 475 546 portis
496 465 544 526 alii
563 463 765 543 bipatentibus
786 464 906 533 adsunt,
1157 471 1208 528 aso

183 551 263 614 milia
286 558 359 632 quot
377 551 493 629 magnis
514 566 657 628 umquam
679 565 788 610 venere
808 545 952 626 Mycenis3

184 634 329 698 obsedere
351 634 398 696 alii
420 633 484 695 telis
506 640 631 711 augusta
650 633 765 694 viarum

104 727 110 734 '
184 719 325 800 oppositi;
344 725 400 780 stat
419 719 492 781 icrri
510 718 588 780 acies
612 734 757 778 mucrone
780 732 904 778 corusco

184 804 301 876 stricta,
319 809 422 883 parata
439 803 521 873 neci;
547 802 597 863 rix
615 801 704 880 primi
725 799 838 878 proelia
858 805 1002 879 temptant

184 895 339 966 portarum
360 885 462 964 vigiles
484 895 515 947 et
535 903 624 948 caeco
646 885 742 946 Marte
763 882 929 946 resistunt.'
1158 891 1209 946 335

185 970 293 1034 talibus
316 969 482 1049 Othryadae
504 969 588 1031 dictis
609 977 639 1030 et
659 969 780 1030 numine
802 968 899 1028 divom

184 1057 216 1116 in
238 1055 372 1116 flammas
395 1063 425 1116 et
445 1056 476 1116 in
498 1070 580 1114 arma
605 1054 703 1122 ieror,
725 1069 784 1131 quo
805 1053 896 1113 tristis
914 1050 1036 1130 Erinys,

185 1157 245 1218 quc
265 1139 400 1202 fremitus
420 1145 508 1200 vocat
530 1145 560 1200 et
580 1135 714 1198 surbiatus
736 1137 773 1197 ad
795 1136 914 1198 aethera
936 1135 1056 1197 clanror.

186 1223 297 1286 addunt
319 1241 352 1286 se
370 1223 467 1285 socios
487 1222 621 1302 Riplreus
643 1229 672 1282 ct
691 1221 835 1282 maximus
857 1222 947 1296 armis

185 1307 297 1388 Epytus
319 1306 410 1369 oblati
431 1324 486 1386 per
501 1307 604 1368 lunam
619 1305 808 1385 Hypanisque
828 1305 1003 1384 Dymasque,
1159 1311 1211 1366 340

187 1400 216 1452 et
236 1391 321 1454 lateri
342 1390 545 1469 adglomerant
566 1397 686 1461 nostro,
707 1389 880 1467 iuvenisque
902 1388 1053 1452 Coroebus

76 1494 79 1499 ·
186 1473 395 1554 Mygdonides:
417 1474 474 1535 illis
496 1474 534 1536 ad
553 1473 673 1535 Troiam
695 1473 773 1535 icrte
795 1472 899 1534 diebus

185 1567 307 1620 venerat
328 1560 431 1620 insano
453 1558 635 1619 Cassandrae
656 1559 795 1620 incensus
817 1575 934 1627 amore,

187 1649 216 1703 et
234 1658 326 1720 gener
344 1640 485 1703 auxilium
504 1641 622 1702 Priamo
640 1641 867 1720 Phrygibusque
888 1640 1017 1709 ierebat,

72 1752 74 1756 >
185 1724 285 1786 infelix
306 1727 435 1805 quinon
453 1742 580 1803 sponsae
600 1732 758 1802 praecepta
780 1724 904 1786 furentis
1160 1732 1211 1788 345

187 1810 321 1871 audierit.
677 1861 680 1866 .

189 1911 263 1971 quos
281 1893 334 1955 ubi
355 1892 507 1954 confertos
529 1892 639 1954 audere
660 1893 692 1952 in
712 1890 826 1970 proelia
846 1891 918 1961 vidi,

186 1978 295 2056 incipio
317 1994 408 2058 super
429 1976 491 2038 his:
515 1977 666 2047 ‘iuvenes,
690 1975 849 2037 fortissima
870 1976 981 2037 frustra

185 2069 321 2140 pectora,
344 2062 369 2122 si
392 2060 476 2123 vobis
496 2060 655 2124 audentem
677 2065 810 2122 extrema
830 2059 936 2138 cupido

187 2152 268 2207 certa
288 2147 387 2226 sequi,
412 2163 488 2224 quae
510 2147 548 2207 sit
568 2143 660 2207 rebus
679 2144 798 2205 fortuna
819 2144 934 2204 videtis.
1160 2151 1212 2206 350

187 2247 344 2291 excessere
363 2246 467 2291 omnes
489 2231 584 2310 adytis
605 2230 725 2308 arisque
744 2227 855 2291 relictis

187 2312 231 2382 di,
252 2312 360 2390 quibus
381 2315 541 2391 imperium
560 2314 619 2375 hoc
640 2321 775 2382 steterat;
798 2314 970 2374 succurritis
993 2310 1059 2372 urbi

186 2396 340 2457 incensae:
362 2399 542 2468 moriamur,
565 2407 595 2459 et
614 2399 646 2458 iu
668 2397 766 2458 media
788 2415 871 2458 arma
890 2413 1021 2458 ruamus.

187 2496 246 2540 una
266 2478 344 2540 salus
366 2481 449 2541 victis
470 2479 583 2542 nullam
604 2498 726 2559 sperare
748 2479 897 2542 salutem!

187 2563 230 2624 sic
253 2564 358 2624 animis
378 2565 517 2626 iuvenum
539 2562 624 2625 furor
646 2563 770 2624 additus.
815 2564 885 2624 iude
905 2562 968 2640 lupi
986 2579 1041 2623 ceu
1160 2569 1211 2624 355

187 2654 323 2728 raptores
346 2657 410 2708 atra
430 2649 463 2707 in
484 2645 607 2717 nebula,
630 2664 705 2725 quos
727 2646 853 2726 mproba
874 2648 984 2708 ventris

188 2733 285 2810 exegit
304 2746 409 2793 caecos
431 2730 545 2800 rabies,
568 2729 717 2808 catulique
739 2730 835 2792 relicti

188 2813 324 2876 faucibus
348 2821 506 2895 expectant
526 2816 626 2884 siccis,
649 2831 705 2893 per
726 2813 799 2885 tela,
823 2832 878 2893 per
899 2815 992 2875 hostis

186 2898 320 2962 vadimus
340 2898 420 2960 haud
442 2898 563 2962 dubiam
583 2900 615 2959 in
635 2905 778 2970 mortem,
799 2899 973 2979 mediaeque
993 2909 1127 2960 tenemus

187 2982 271 3045 urbis
291 2985 364 3053 iter;
393 3001 453 3044 nox
472 2993 536 3045 atra
559 3002 630 3046 cara
652 2983 842 3046 circumvolat
863 2983 978 3045 umbra.
1160 2990 1213 3045 360

189 3068 253 3144 quis
273 3067 387 3129 cladem
407 3067 485 3130 illius
507 3068 616 3138 noctis,
641 3069 706 3148 quis
729 3068 835 3131 lunera
854 3069 942 3130 lando

89 3168 94 3186 ’ν
189 3150 316 3228 explicet
337 3160 387 3213 aut
408 3154 502 3229 possit
521 3152 651 3213 lacrimis
672 3171 801 3232 aequare
821 3152 955 3214 labores?

187 3232 260 3295 urbs
281 3238 400 3315 andqua
417 3239 479 3296 ruit
498 3234 606 3296 multos
625 3235 773 3296 dominata
795 3255 850 3313 per
871 3253 978 3303 annos;

187 3315 314 3395 plurima
336 3337 450 3397 perque
470 3322 531 3380 rias
554 3325 727 3380 sternuntur
745 3321 851 3381 inertia
871 3322 981 3398 passim

188 3419 315 3482 corpora
336 3420 450 3481 perque
476 3402 581 3463 domos
602 3410 633 3463 et
650 3401 788 3481 religiosa
810 3403 934 3467 deorum
1065 3476 1073 3491 ‚
1160 3410 1211 3466 edo

187 3486 298 3549 limina.
343 3504 399 3549 nec
421 3485 477 3547 soli
498 3502 609 3566 poenas
631 3486 702 3548 dant
722 3491 866 3566 sanguiue
886 3490 1009 3552 Teucri:
