2512 4096
472 253 617 302 vunann
636 250 762 301 aunum
782 251 795 298 1
888 242 892 249 ’

168 406 221 473 olli
241 409 396 473 subridens
418 409 572 470 hominum
594 413 674 468 sator
695 413 783 485 atque
804 406 927 467 deorum

127 492 220 575 rjoltu,
249 513 307 573 quo
330 492 443 555 caelum
463 497 709 571 tempestatesque
731 499 861 558 serenat,

110 576 228 639 ‘oscula
249 576 350 638 libavit
368 584 467 648 natae,
490 577 597 638 dehinc
618 575 686 636 talia
708 575 799 635 latur:

81 666 109 683 ·’
127 670 231 740 ‘parce
251 670 346 732 metu,
371 660 526 741 Cytherea:
549 666 668 721 manent
688 661 798 720 inmota
819 665 938 721 tuorum

125 745 185 808 lata
204 743 272 814 tlhi;
296 763 400 806 cernes
420 744 527 806 urbem
548 750 578 805 et
595 744 738 821 promissa
760 743 859 804 Lavini

124 828 255 904 moenia,
272 827 490 906 sublimemque
500 829 578 889 feres
599 829 636 889 ad
658 828 756 888 sidera
777 826 848 888 caeli

125 913 344 990 magnanimum
358 914 492 982 Aeneam
513 930 610 991 neque
631 930 679 973 mo
700 912 843 973 sententia
865 911 959 972 vertit.
987 928 1031 958 f

125 996 174 1058 hic
194 995 256 1057 tibi
269 996 362 1076 (labor
386 998 479 1067 enim,
503 996 620 1076 quando
642 996 716 1057 hacc
736 1002 765 1055 te
783 1012 854 1057 cura
876 994 1043 1064 remordet,

124 1078 242 1158 longius
261 1087 291 1142 et
312 1081 431 1142 volvens
451 1080 581 1142 satorum
602 1097 709 1140 arcana
728 1078 862 1160 movebo)
875 1108 902 1132 ι-

124 1163 236 1226 bellum
256 1166 360 1243 ingens
382 1173 465 1241 geret
482 1163 563 1226 ltalia
584 1163 768 1243 populosque
789 1164 903 1224 seroces

125 1248 300 1318 contundet,
323 1264 481 1327 moresque
501 1249 571 1308 viris
594 1255 623 1308 et
639 1248 754 1308 moenia
775 1254 880 1324 ponet,

125 1333 211 1394 tertia
233 1331 304 1394 dum
326 1331 407 1392 Latio
429 1338 602 1409 regnantem
624 1330 728 1392 viderit
748 1336 843 1391 aestas

124 1423 269 1496 ternaque
292 1416 461 1476 transierint
481 1413 596 1476 Rutulis
616 1415 740 1476 hiberna
762 1413 900 1474 subactis.

124 1506 155 1561 at
173 1518 248 1580 puer
269 1500 428 1570 dscaniuS,
452 1500 520 1578 quoi
541 1516 621 1560 nunc
642 1515 807 1574 cognomen
827 1496 890 1558 lulo

124 1583 242 1645 additur
258 1582 328 1665 (llus
347 1584 424 1652 erat',
448 1583 520 1645 dum
541 1600 590 1644 res
612 1583 692 1643 stetit
713 1579 764 1642 llia
785 1581 904 1661 regno),

123 1667 244 1745 triginta
264 1685 388 1747 magnos
408 1667 558 1729 volvendis
578 1664 730 1728 mensibus
750 1665 830 1728 orbis

123 1752 248 1831 imperio
271 1751 413 1831 explebit,
437 1769 622 1833 regnumque
642 1750 679 1813 ah
702 1749 772 1812 sede
793 1750 893 1828 Lavini

124 1835 296 1912 transferet,
320 1842 350 1897 et
369 1835 488 1917 longam
507 1833 644 1919 multari
664 1835 777 1919 muniet
798 1833 912 1896 Albam.

124 1917 173 1980 hic
191 1921 250 1980 iam
270 1926 316 1980 ter
337 1916 455 1982 centum
472 1928 549 1981 totos
566 1919 738 1998 regnabitur
760 1936 853 1980 annos

126 2001 286 2081 gentesub
308 2003 467 2074 Hectorea,
488 2005 582 2065 donec
601 2004 703 2082 regina
722 2002 859 2075 sacerdos

125 2085 217 2148 Marto
239 2088 335 2164 gravis
356 2090 504 2166 geminam
525 2095 613 2166 partu
635 2086 716 2147 dabit
736 2083 787 2146 llia
806 2083 930 2164 prolem.

123 2169 193 2233 inde
214 2168 302 2250 lupae
323 2170 401 2232 lulvo
421 2173 544 2232 nutricis
564 2171 693 2247 tegmine
715 2168 808 2229 lactus

123 2253 267 2316 Romulus
288 2255 414 2331 excipiet
434 2259 569 2332 gentem,
593 2260 622 2314 et
642 2253 782 2314 Mavortia
805 2251 911 2314 condet

123 2339 239 2400 moenia
261 2337 469 2418 Romanosque
486 2355 540 2398 suo
564 2337 600 2398 de
622 2337 740 2398 nomine
763 2336 850 2398 dicet.

123 2420 170 2482 his
192 2440 247 2501 ego
267 2439 323 2485 nec
344 2428 437 2483 metas
457 2439 560 2482 rerum
583 2439 639 2482 nec
660 2429 795 2500 tempora
816 2439 910 2500 pono,

123 2507 281 2585 imperium
303 2507 367 2569 sine
388 2507 447 2567 dno
469 2506 545 2568 dedi.
590 2506 660 2586 quin
682 2523 786 2585 aspera
805 2505 894 2580 luno,

124 2607 199 2669 quac
220 2608 304 2653 mare
325 2609 406 2654 nunc
424 2598 578 2671 terrasque
601 2596 682 2652 metu
704 2590 876 2669 caelumque
893 2589 1007 2666 fatigat,

124 2673 245 2736 consilia
267 2676 298 2736 in
319 2676 423 2737 melius
444 2674 569 2747 referet,
589 2693 764 2754 mecumque
784 2674 895 2736 invehit

123 2757 286 2828 Romanos,
309 2777 411 2822 rerum
432 2760 582 2830 dominos,
605 2768 780 2839 gentemque
799 2765 937 2838 togatam.

123 2843 166 2902 sic
187 2841 334 2918 placitum.
378 2845 474 2907 veniet
494 2844 593 2906 lustris
611 2843 778 2906 labentibus
799 2850 895 2916 aetas,

124 2942 193 2985 cum
213 2924 316 2987 domus
336 2927 469 2990 Assaraci
489 2929 625 2990 Phthiam
645 2929 797 3007 clarasque
817 2929 953 3007 Mycenas

76 3047 78 3051 -
123 3007 242 3068 servitio
261 3017 377 3086 premet
396 3029 432 3073 ac
451 3013 534 3074 victis
553 3012 749 3074 dominabitur
771 3012 865 3090 Argis.
926 3022 928 3028 ·

122 3097 261 3178 nascetur
281 3093 406 3171 pulchra
426 3096 571 3158 Troianus
589 3097 701 3174 origine
723 3095 845 3166 Caesar,

122 3175 280 3253 imperium
303 3177 435 3252 Oceano,
457 3182 565 3243 famam
587 3182 638 3260 qui
658 3181 797 3242 terminet
817 3181 915 3251 astris,

122 3258 226 3333 lulius,
250 3279 267 3321 a
287 3281 394 3343 magno
415 3264 574 3327 demissum
592 3284 700 3328 nomen
719 3263 792 3328 lulo.

122 3343 203 3404 hunc
223 3350 256 3406 tu
277 3343 345 3408 olim
367 3348 467 3419 caelo,
489 3349 588 3428 spoliis
609 3351 737 3414 Orientis
757 3358 896 3412 onustum

123 3428 249 3507 accipies
270 3447 389 3504 secura;
417 3434 570 3497 vocabitur
590 3433 639 3496 hic
661 3453 778 3514 quoquc
799 3435 883 3496 votis.

121 3528 228 3592 aspera
248 3521 310 3578 tum
332 3518 434 3597 positis
455 3520 609 3581 mitescent
629 3516 747 3580 saecula
767 3517 852 3581 bellis
960 3574 963 3578 .
