2512 4096
195 232 257 297 282
533 241 676 290 vnnornr
698 241 822 290 nnuma
844 243 867 289 x

194 401 308 462 Aeneas
327 400 447 478 ignarus
469 397 560 458 abest.
597 413 797 475 numquamne
818 396 908 458 levari
1020 390 1029 413 ⁸

196 483 349 544 obsidione
370 481 466 543 sines?
486 481 579 541 muris
596 480 704 540 iterum
726 480 859 541 imminet
878 479 970 539 hostis

194 567 341 628 nascentis
363 565 469 626 Troiae
492 564 640 643 [necnon
661 564 807 623 exercitus
829 561 932 642 altem]

195 657 283 730 atque
303 652 411 711 iterum
432 649 462 708 in
481 647 612 708 Teucros
630 644 739 707 Aetohs
757 648 850 723 surgit
872 646 908 706 ab
931 645 1017 725 Arpis

194 733 330 813 Tydides.
364 731 499 811 equidem
521 730 619 801 eredo,
642 747 708 791 mea
728 728 849 790 volnera
872 737 983 790 restant

194 825 224 878 et
244 823 295 878 tua
314 817 471 896 progenies
491 812 627 875 mortalia
649 813 788 874 demoror
807 831 897 874 arma.
1178 818 1214 871 ³0

194 902 219 962 si
241 901 304 962 sine
323 918 396 978 pace
417 906 468 960 toa
488 905 577 975 atque
598 897 687 957 invito
711 897 831 959 numine
851 897 944 958 Troes

194 984 308 1046 Italiam
330 984 451 1062 petiere,
474 981 557 1042 luant
577 987 698 1058 peccata
718 997 815 1060 nequo
835 980 901 1040 illos

194 1069 302 1130 iuveris
318 1065 445 1134 omilim
470 1066 515 1125 sin
536 1072 580 1126 tot
597 1081 740 1143 responsa
761 1065 863 1134 secuti,

195 1170 271 1231 quae
292 1150 391 1229 superi
411 1165 572 1228 manesque
594 1146 718 1208 dabant:
742 1165 795 1208 eur
816 1164 896 1209 nunc
916 1154 966 1208 tua
990 1146 1146 1225 quisquam

194 1241 308 1297 vertere
330 1235 407 1296 iussa
427 1238 526 1312 potest
547 1239 671 1293 auteur
692 1249 766 1292 nova
789 1231 916 1292 condere
938 1230 1013 1291 iata?
1175 1236 1211 1288 ab

194 1318 264 1398 quid
283 1325 415 1396 repetam
437 1323 553 1378 exustas
575 1315 701 1395 Erycino
719 1317 750 1375 in
772 1313 857 1377 b'tore
879 1315 994 1383 classes,

194 1401 265 1488 quid
283 1406 489 1479 tempestatum
511 1417 614 1478 regem
635 1407 796 1479 ventosque
817 1398 940 1461 iuuentis

192 1483 292 1546 Aeoba
314 1485 424 1546 excitos
446 1491 496 1544 aut
516 1491 611 1545 aetam
632 1483 760 1544 nubibus
781 1483 870 1544 lrimi

193 1585 273 1629 nunc
296 1569 382 1629 edam
403 1568 498 1629 manis
522 1565 605 1646 (baec
625 1568 796 1645 intemptata
816 1566 954 1628 manebat

193 1667 259 1712 sors
279 1650 390 1728 rorum)
413 1656 510 1711 movet
531 1656 561 1711 et
578 1651 694 1728 superis
712 1651 832 1712 inmissa
853 1658 976 1730 repente
1176 1654 1207 1706 tt

192 1733 313 1805 Allecto,
336 1733 447 1798 medias
468 1731 574 1794 Italum
595 1731 737 1793 bacchata
758 1751 813 1812 per
830 1733 929 1795 urbes.

140 1841 142 1845 ’
192 1816 234 1878 nil
256 1835 346 1896 super
364 1817 487 1895 imperio
508 1832 643 1878 moveor:
666 1817 847 1894 speravimus
867 1818 932 1885 ista,

193 1901 263 1964 dum
281 1901 399 1962 fortuna
421 1899 491 1969 imm
513 1901 630 1960 vineant
647 1916 721 1977 quos
741 1901 858 1961 vincere
878 1901 977 1962 mavis.

192 1986 218 2046 si
236 1983 315 2046 nulla
339 1990 383 2046 est
406 1986 498 2060 regio,
520 1983 643 2045 Teucris
665 2001 753 2063 quam
776 1984 825 2046 det
840 1991 890 2046 tua
910 1985 1037 2046 coniunx

194 2069 278 2139 dura,
300 2085 355 2147 per
375 2085 503 2139 eversae,
526 2069 651 2144 genitor,
673 2067 817 2129 fumantia
838 2068 943 2130 Troiae
1171 2074 1206 2126 tt

192 2152 303 2214 excidia
321 2151 461 2222 obtestor,
482 2149 568 2213 liceat
589 2151 737 2213 dimittere
757 2151 794 2213 ab
817 2153 906 2214 armis

191 2235 369 2298 incolumem
390 2235 556 2306 Ascanium,
577 2233 664 2296 liceat
684 2252 840 2314 superesse
861 2244 1008 2315 nepotem.

191 2321 305 2382 Aeneas
325 2337 395 2382 sane
417 2320 526 2396 ignotis
545 2320 668 2381 iactetur
688 2321 719 2380 in
740 2320 828 2380 undis

192 2410 229 2473 et,
254 2421 469 2482 quamcumque
491 2393 701 2464 viam'dederit
721 2403 861 2475 Fortuna,
884 2410 1037 2483 sequatur:

192 2486 272 2549 bunc
292 2496 394 2564 tegere
415 2495 445 2548 et
466 2487 547 2548 dirae
568 2485 680 2548 valeam
702 2485 869 2550 subducere
890 2504 1016 2566 pugnae.
1172 2493 1208 2545 oo

191 2577 237 2633 est
255 2571 406 2642 Amathus,
427 2579 471 2631 est
493 2569 569 2633 celsa
588 2570 661 2630 mibi
680 2569 799 2648 Paphus
820 2580 908 2650 atque
931 2570 1057 2650 Cythera

191 2653 357 2734 Idaliaeque
380 2654 499 2715 domus:
522 2654 624 2732 positis
645 2652 788 2729 inglorius
810 2655 899 2716 armis

191 2740 288 2814 exigat
304 2738 353 2798 bic
372 2754 484 2798 aevom.
518 2753 625 2814 magna
651 2736 767 2798 dicione
788 2736 887 2799 iubeto

187 2819 336 2899 Karthago
360 2826 476 2899 premat
498 2820 671 2880 Ausoniam:
693 2819 767 2880 nibil
789 2820 914 2884 urbibus
936 2823 1004 2884 inde

191 2901 318 2964 obstabit
339 2901 443 2982 Tyriis.
479 2903 549 2980 quid
568 2910 682 2981 pestem
705 2904 829 2967 evadere
849 2903 920 2967 belli
1172 2912 1207 2964 ob

189 2988 261 3049 iuvit
283 2995 312 3048 et
332 2987 486 3065 Argolicos
507 2986 637 3049 medium
658 2988 768 3067 fugisse
787 3008 841 3068 per
861 2991 945 3067 ignes

188 3078 291 3151 totque
312 3073 403 3132 maris
424 3078 581 3150 vastaeque
603 3071 744 3134 exhausta
764 3072 895 3153 pericula
917 3080 1023 3144 terrae,

189 3155 259 3216 dum
280 3153 394 3216 Latium
415 3155 522 3217 Teucri
542 3156 729 3237 recidivaque
746 3155 890 3236 Pergama
911 3157 1074 3235 quaerunt?

188 3255 248 3299 non
270 3238 360 3299 satim
382 3239 495 3301 eineres
517 3241 629 3318 patriae
648 3240 790 3302 insedisse
812 3257 966 3318 supremos

190 3328 280 3400 atquo
296 3321 401 3394 solum,
424 3341 482 3400 quo
506 3323 593 3384 Troia
616 3323 692 3385 initi
712 3322 861 3384 Xanthum
882 3329 912 3385 et
932 3322 1081 3385 Simoenta
1169 3330 1208 3384 ⁶0

188 3404 290 3476 reddo,
310 3422 372 3476 oro,
395 3407 512 3468 miseris
532 3407 700 3485 iterumque
721 3404 872 3468 revolvere
896 3424 981 3468 casus

187 3488 234 3559 da,
257 3495 350 3568 pater,
371 3489 478 3559 iliacos
500 3489 643 3551 Teucris:
676 3495 740 3550 tum
759 3491 841 3566 regia
863 3490 936 3553 luno
