2512 4096
429 247 573 296 runem
596 247 798 297 eucnemon
820 248 846 296 1¹
1106 237 1145 301 4³

135 411 254 482 totaque
275 403 404 464 turiferis
424 401 570 463 Panchaia
591 404 706 480 pinguis
727 402 855 463 harenis.

135 488 209 548 baec
229 485 295 546 loca
315 503 375 546 non
396 487 473 548 tauri
494 486 637 562 spirantes
658 484 780 545 naribus
800 486 898 562 ignem
1095 500 1146 559 140

134 572 281 631 invertere
302 572 370 630 satis
391 569 524 630 immanis
545 567 682 630 dentibus
703 568 797 647 hydri,

134 671 190 714 nec
211 652 302 730 galeis
324 652 479 731 densisque
500 653 595 712 virum
616 667 701 728 seges
722 650 839 712 horruit
859 650 966 721 hastis;

134 734 186 797 sed
200 736 337 812 gravidae
360 735 460 811 iruges
482 741 511 796 et
532 734 640 796 Bacchi
661 734 801 795 Massicus
822 751 909 796 umor

133 817 309 897 implerere;
332 825 431 880 tenent
454 817 535 879 oleae
557 826 746 897 armentaque
767 818 853 880 laeta.

133 901 202 962 bine
224 900 349 963 bellator
370 919 462 980 equos
483 918 587 979 campo
608 918 673 962 sese
695 901 805 965 arduus
825 900 930 972 infert:
1094 915 1144 971 rto

133 985 203 1046 bine
225 984 299 1055 albi,
322 983 480 1054 Clitumna,
503 1000 609 1062 greges
630 991 659 1045 et
680 986 805 1047 maxima
826 992 930 1047 taurus

134 1070 264 1139 victima,
287 1085 375 1146 saepe
395 1074 447 1129 tuo
468 1067 580 1146 perfusi
601 1066 720 1129 flumine
742 1086 837 1140 sacro,

134 1151 283 1212 Romanos
303 1152 340 1212 ad
361 1150 469 1230 templa
490 1152 577 1213 deum
599 1151 710 1212 duxere
730 1151 904 1230 triumphos.

135 1234 185 1294 bic
205 1252 258 1296 rer
280 1234 433 1296 adsiduum
454 1241 541 1314 atque
563 1233 663 1295 alicnis
684 1235 836 1296 mensibus
857 1242 967 1298 aestas:

134 1317 180 1378 bis
202 1318 339 1397 gravidae
359 1317 503 1396 pecudes,
525 1317 571 1378 bis
592 1320 686 1396 pomis
707 1318 785 1380 utilis
807 1318 904 1380 arbos.
1092 1333 1142 1386 lto

134 1408 163 1461 at
184 1400 304 1463 rabidae
325 1402 415 1478 tigres
436 1401 543 1463 absunt
564 1409 593 1462 et
613 1419 698 1463 saeva
719 1400 839 1463 leonum

133 1485 259 1554 semina,
282 1502 338 1546 nec
358 1486 483 1546 miseros
504 1483 607 1546 fallunt
628 1487 743 1546 aconita
764 1484 897 1563 legentis,

133 1586 190 1636 nec
210 1569 288 1646 rapit
308 1569 466 1630 immensos
488 1568 568 1630 orbis
588 1586 642 1648 per
663 1569 801 1639 humum,
824 1588 920 1649 neque
941 1577 1017 1632 tante

133 1667 290 1730 squameus
312 1651 341 1712 in
363 1654 473 1730 spiram
495 1659 591 1713 tractu
613 1669 645 1712 se
668 1652 776 1729 colligit
797 1655 901 1731 anguis

132 1734 207 1797 adde
228 1742 272 1795 tot
293 1737 425 1815 egregias
447 1735 537 1797 urbes
559 1752 740 1815 operumque
762 1735 903 1807 laborem,
1041 1793 1044 1798 .
1090 1751 1139 1803 155

131 1824 174 1878 tot
196 1826 334 1895 congesta
355 1837 443 1880 manu
464 1820 631 1898 praeruptis
653 1820 758 1899 oppida
780 1823 857 1881 saxis

131 1900 310 1980 fluminaque
332 1903 468 1981 antiquos
488 1909 591 1980 supter
611 1901 737 1964 labentia
759 1921 869 1965 muros.

132 2003 168 2045 m
190 2003 272 2046 mare
294 1986 372 2065 quod
393 2004 483 2064 supra
503 2003 680 2055 memorem,
703 1986 840 2065 quodque
862 1986 951 2049 adluit
971 1988 1065 2050 inira?

131 2085 207 2129 anne
228 2067 310 2128 lacus
332 2070 442 2128 tantos?
457 2076 509 2139 te,
531 2069 599 2128 Lari
619 2071 761 2138 marimo,
782 2076 880 2147 teque,

130 2148 269 2211 ductibus
291 2159 320 2210 et
341 2151 459 2212 fremitu
481 2152 644 2226 adsurgens
664 2151 780 2212 Benace
800 2154 932 2212 marmot
1088 2165 1139 2222 loo

131 2250 168 2293 an
190 2250 353 2294 memorem
374 2241 478 2313 portus
499 2234 685 2311 Lucrinoque
707 2234 802 2294 addita
824 2233 949 2297 claustra

131 2324 219 2394 atque
241 2315 422 2392 indignatum
443 2317 557 2393 magnis
578 2316 752 2378 stridoribus
772 2335 893 2396 aequor,

129 2397 201 2459 lulla
224 2415 282 2478 qua
302 2406 392 2477 ponto
414 2399 502 2478 longe
523 2408 606 2460 sonat
627 2402 705 2462 unda
727 2401 827 2462 reiuso

129 2482 359 2562 Tyrrhenusque
381 2483 462 2546 iretis
483 2485 645 2545 immittitur
667 2491 763 2546 aestus
784 2486 923 2547 Avernisl

111 2565 203 2627 -haec
225 2567 327 2628 eadem
349 2570 462 2646 argenti
482 2570 560 2630 rivos
581 2570 714 2648 aerisque
735 2569 851 2630 metalla
1084 2586 1134 2640 165

129 2650 254 2712 ostendit
275 2651 356 2712 renis
378 2659 465 2731 atque
486 2672 560 2715 auro
581 2652 706 2729 plurima
732 2653 823 2715 liunt.

127 2734 202 2794 baec
222 2749 317 2810 genus
338 2753 406 2797 acre
428 2738 522 2798 virum
543 2736 655 2798 Marsos
675 2736 842 2817 pubemque
865 2738 1010 2800 Sabellam

127 2818 340 2895 adsuetumque
360 2817 437 2880 malo
459 2820 597 2898 Ligurem
613 2819 790 2900 Volscosque
811 2827 929 2883 verutos

127 2899 243 2968 extulit,
266 2900 341 2961 baec
361 2902 465 2964 Decios
485 2902 592 2964 Marios
613 2919 794 2983 magnosque
816 2903 961 2974 Camillos,

128 2983 276 3060 Scipiadas
299 2984 389 3044 duros
409 2985 487 3046 bello
510 2994 539 3048 et
558 2994 601 3056 te,
625 2988 749 3047 maxime
771 2986 886 3058 Caesar,
1082 2999 1133 3054 170

127 3068 178 3146 qui
198 3084 279 3128 nunc
301 3070 439 3129 extremis
460 3069 545 3130 Asiae
566 3072 624 3130 iam
645 3071 738 3129 victor
759 3070 789 3129 in
811 3071 870 3130 oris

126 3149 264 3212 inbellem
285 3154 391 3213 avertis
412 3152 550 3214 Romanis
571 3152 687 3215 arcibus
707 3152 821 3214 Indum.

126 3233 217 3303 salve,
241 3252 346 3313 magna
368 3254 475 3314 parens
497 3237 630 3315 frugum,
654 3237 789 3298 Saturnia
809 3236 903 3308 tellus

126 3334 233 3394 magna
253 3319 363 3380 vuum:
386 3321 438 3383 tibi
459 3339 508 3382 res
530 3324 664 3401 autiquae
685 3320 779 3382 laudis
801 3329 830 3382 et
851 3328 942 3383 artem

124 3400 275 3477 ingredior
295 3411 410 3464 sanctos
430 3423 518 3466 ausus
538 3406 692 3467 recludere
709 3404 806 3475 fontis,
1081 3411 1131 3465 175

124 3486 342 3564 Ascraeumque
365 3506 437 3548 cauo
459 3488 590 3549 Romana
611 3507 665 3568 per
688 3489 793 3567 oppida
817 3507 943 3550 carmen.
