2512 4096
120 311 230 358 XXXVI
272 310 321 356 DE
343 312 426 359 VITA
448 311 493 356 ΕΤ
516 309 645 359 scutra.
669 313 698 359 P.
715 310 817 360 vulto.
840 311 922 360 unit.
945 311 1053 363 NARR.

202 469 277 524 luter
296 470 398 525 minora
419 486 487 543 quae
512 470 575 525 huic
596 469 724 525 volumini
745 469 882 542 vulgarem
903 469 1129 526 consuetudinem

78 585 82 591 ·
119 554 206 608 secuti
221 551 389 608 adiunximus
405 556 520 610 carmina
535 561 637 608 certum
652 553 759 608 videtur
774 553 883 626 Vergilii
898 569 954 609 uon
968 567 1031 608 esse
1047 556 1130 608 cata·

119 639 214 692 lecton
225 635 247 689 V
258 644 286 691 et
296 635 330 690 Xl
345 644 372 692 ct
387 641 461 695 cirin
476 652 586 712 poema:
602 638 718 710 genuina
733 644 760 692 et
776 637 847 692 omni
862 635 1030 692 dubitatione
1045 635 1130 691 libera

120 719 197 775 catal.
215 718 256 774 Vl.
273 719 325 775 Vll.
343 720 417 777 Vllll.
434 720 470 785 ll;
486 738 537 777 nso
550 727 648 784 cetera,
664 721 687 775 si
702 735 785 775 unum
800 729 846 775 aut
861 719 974 775 alterum
987 719 1130 779 exemeris,

120 801 286 859 abiudicandi
296 820 311 858 a
322 812 417 860 nostro
430 821 538 861 oausam
547 803 624 859 video
635 804 768 859 idoneam.
789 804 837 862 sed
847 814 932 862 totam
942 805 1014 861 banc
1030 817 1129 878 quaes.

120 887 221 942 tionem
236 889 384 943 accuratius
400 888 451 943 alio
467 889 528 944 loco
544 886 674 944 tractabo.

120 1064 207 1100 versas
230 1052 304 1100 etiarn
326 1052 483 1115 inperfectos
499 1054 566 1102 sicad
587 1058 662 1101 erant
682 1051 830 1116 reliquerit’
851 1050 978 1100 Donatus
997 1064 1024 1114 p.
1044 1050 1078 1100 63
1097 1050 1129 1099 R.

122 1116 241 1167 ‘Varias
257 1123 283 1166 et
303 1117 388 1167 Tucca
403 1118 511 1183 Verqilii
522 1127 548 1167 et
565 1118 672 1168 Horatii
688 1118 879 1168 contubernales
894 1122 987 1180 poetae
1004 1116 1131 1166 habentur

121 1186 251 1243 inlustres,
266 1187 310 1250 qai
321 1185 452 1235 Aeneidos
462 1192 554 1248 postea
565 1184 643 1235 libros
656 1187 821 1234 emendarunt
830 1182 875 1234 sub
893 1185 948 1246 lene
966 1198 1011 1240 ea.
1029 1189 1057 1233 nt
1070 1184 1132 1232 nibil

120 1251 261 1301 adderent’
284 1252 469 1315 Hieronymus
488 1251 532 1301 Ol.
558 1254 619 1312 190,
642 1254 668 1300 4.
691 1256 798 1315 ‘postea
819 1251 851 1300 ab
872 1251 987 1314 Auquato
1011 1249 1131 1300 Aeneida

119 1320 277 1380 propositam
293 1321 400 1382 scripsit
420 1321 493 1368 annis
511 1319 556 1368 XI
559 1353 566 1374 .
588 1320 636 1367 sed
651 1333 699 1368 nec
716 1319 857 1368 emendavit
873 1332 920 1367 nec
937 1318 1027 1367 edidit.
1063 1318 1132 1366 ande

121 1399 175 1432 eam
196 1387 305 1433 moriens
328 1389 464 1451 praecepit
490 1386 599 1435 incendi.
640 1386 769 1449 :loquutus
790 1401 863 1443 aero,
890 1400 922 1433 ne
949 1389 1044 1434 tantam
1067 1398 1132 1449 opas

119 1451 230 1512 periret,
256 1451 363 1501 Meam
385 1459 410 1501 et
433 1453 537 1502 Varium
559 1453 608 1501 baa
625 1454 679 1516 lege
697 1453 771 1503 iussit
788 1452 933 1508 emendare,
955 1457 983 1500 at
999 1451 1133 1514 superflua

121 1519 260 1573 demerent,
279 1518 341 1567 nibil
357 1519 483 1568 adderent
499 1517 590 1568 tarnen'
611 1518 723 1568 Servius
740 1520 769 1568 in
781 1518 926 1584 prooemio.
950 1517 1059 1567 ‘Aeneis
1075 1532 1131 1568 ser·

121 1590 181 1633 cata
192 1584 223 1633 ab
236 1585 363 1648 Arausio,
382 1587 492 1648 quamvis
503 1587 559 1648 ipse
577 1591 725 1636 testamento
738 1587 906 1642 damnaverit,
924 1599 955 1633 ne
968 1585 1031 1648 qaid
1046 1600 1132 1635 eoram

121 1666 186 1714 qnae
198 1666 248 1701 non
260 1651 383 1701 edidisset
394 1658 511 1708 entaret,
530 1653 599 1716 qaod
609 1661 634 1702 et
651 1652 754 1704 Servius
771 1655 856 1703 Varus
867 1651 987 1714 (Maurus
1004 1650 1131 1713 Iahnius)

121 1719 169 1767 boc
187 1725 296 1767 testator
314 1719 509 1782 epigrammate'
528 1733 552 1767 e.
569 1733 595 1783 q.
614 1733 634 1769 s.
652 1720 757 1770 Probus
775 1720 804 1768 in
822 1720 880 1769 vita
897 1734 924 1782 p.
936 1720 952 1767 2
965 1719 998 1767 Κ.
1018 1718 1056 1769 cf.
1076 1717 1133 1767 Pli·

122 1784 183 1834 nius
195 1800 222 1834 n.
241 1783 268 1832 lr.
279 1783 334 1834 VII
351 1787 397 1844 30,
417 1787 447 1834 31
468 1783 574 1836 Gellius
592 1784 728 1845 xviim,
743 1789 757 1836 7
775 1785 932 1836 Macrobius
950 1784 1009 1835 Sat.
1023 1785 1037 1832 I
1049 1784 1093 1846 st,
1107 1785 1132 1834 6.

124 1850 264 1917 disputavi
282 1850 315 1900 de
334 1852 417 1902 Vario
436 1851 567 1902 Aeneidis
586 1851 691 1902 editore
710 1853 739 1902 in
758 1853 880 1917 prolegg.
900 1866 961 1916 cap.
979 1850 1041 1901 VII.
