2504 4094
390 288 535 336 vnaornr
555 286 680 336 anuum
700 288 735 334 1x
1006 275 1066 335 2¹15

54 444 198 505 Ascanius
220 442 498 523 fortemquemanu
518 442 628 503 fudisse
648 441 823 512 Numanum,

57 529 106 588 oui
128 524 252 588 Remulo
274 544 438 606 cognomen
461 528 541 596 erac}
556 524 708 604 Turnique
728 526 873 586 minorem
919 562 921 566 ι

56 627 227 689 germanam
248 628 344 689 nuper
365 609 493 671 thalamo
515 609 641 670 sociatus
662 607 797 669 habehat.

56 697 82 754 is
102 694 229 773 primam
246 701 314 755 ante
333 694 426 755 aciem
447 692 534 771 digna
556 699 645 772 atque
662 691 780 770 indigna
803 690 897 752 relatu

56 777 221 840 vociferans
241 777 429 853 tumidusque
449 794 525 836 novo
547 775 721 855 praecordia
740 793 833 854 regno

55 861 118 922 ihat
136 868 166 922 et
187 861 335 939 ingentem
357 877 422 921 sese
444 858 573 921 clamore
593 857 723 920 ferebat:

56 952 133 1005 ‘non
152 945 245 1024 pudet
265 943 419 1006 obsidione
437 944 544 1005 iterum
563 942 697 1022 valloque
716 943 819 1012 teneri,

55 1027 102 1091 his
121 1030 199 1107 capti
219 1028 360 1109 Phryges,
387 1034 415 1088 et
436 1029 524 1088 morti
545 1027 740 1106 praetendere
759 1026 879 1088 morosi

57 1128 95 1172 en
117 1113 168 1192 qui
189 1117 289 1172 nostra
311 1111 367 1172 sihi
388 1110 465 1173 hello
487 1110 613 1172 conuhia
633 1111 774 1190 poscunt!
927 1178 930 1184 ν

58 1195 123 1274 quis
142 1194 215 1255 deus
235 1193 356 1263 ltaliam,
378 1213 454 1273 quae
474 1211 526 1255 vos
547 1194 693 1264 dementia
710 1193 826 1270 adegit?

45 1295 117 1338 ¹non
135 1277 184 1337 hic
202 1277 320 1339 Atridae
343 1295 399 1339 nec
419 1277 501 1338 laudi
520 1277 605 1338 lictor
623 1277 737 1340 Ulixes:

56 1361 165 1422 durum
188 1379 205 1422 a
226 1362 318 1440 stirpe
336 1377 430 1439 geum
450 1367 535 1422 natos
553 1361 590 1421 ad
611 1360 731 1421 llumina
753 1361 881 1439 primum

57 1444 218 1506 deferimus
237 1462 384 1523 saevoque
406 1442 473 1522 gelu
495 1443 635 1506 duramus
653 1451 681 1504 et
703 1443 797 1513 undis,

55 1534 164 1590 venatu
184 1527 336 1606 invigilant
357 1529 442 1605 pueri
464 1526 608 1606 silvasque
630 1527 760 1606 fatigant,

56 1610 176 1673 llectere
188 1609 276 1673 ludus
295 1628 386 1690 equos
407 1618 435 1672 et
455 1610 567 1690 spicula
586 1611 707 1673 tendere
727 1629 828 1674 cornu.

56 1702 86 1755 at
107 1695 221 1774 patiens
243 1712 366 1774 operum
388 1713 537 1774 parvoque
560 1695 679 1756 adsueta
697 1696 831 1757 iuventus

57 1786 107 1840 sut
125 1779 228 1839 rastris
250 1785 361 1840 terram
383 1780 483 1841 domat
503 1786 553 1840 aut
573 1781 665 1856 quatit
688 1779 795 1860 oppida
816 1777 904 1840 hello.

55 1878 143 1922 omne
165 1880 268 1923 aevom
287 1863 366 1923 lerro
388 1865 502 1933 teritur,
525 1880 669 1940 versaque
689 1865 847 1924 iuvencum

55 1953 139 2022 terge
157 1945 313 2022 fatigamus
336 1946 435 2014 hasta;
460 1963 515 2006 nec
537 1945 621 2006 tarda
643 1952 778 2005 senectus

55 2026 189 2088 debilitat
208 2028 284 2088 vires
307 2030 397 2088 animi
417 2035 569 2106 mutatque
589 2029 735 2104 vigorem:

56 2110 193 2171 canitiem
214 2108 297 2185 galea
318 2112 488 2186 premimus,
512 2126 687 2188 semperque
707 2110 836 2170 recentis

56 2198 245 2273 comportare
265 2195 345 2252 iuvat
361 2193 487 2272 praedas
509 2198 538 2253 ct
558 2193 656 2253 rivere
678 2199 773 2270 rapto.

55 2276 138 2338 vohis
159 2277 235 2355 picta
258 2292 345 2337 croco
369 2284 397 2336 et
417 2274 540 2352 lulgenti
563 2277 677 2337 murice
701 2277 795 2344 vestis,

56 2360 183 2422 desidiae
206 2360 296 2430 cordi,
318 2361 398 2420 iuvat
415 2359 567 2438 indulgere
587 2358 710 2428 choreis,

56 2453 86 2504 et
106 2445 223 2505 tunicae
244 2444 373 2504 manicas
394 2450 423 2505 et
440 2442 550 2504 hahent
567 2443 737 2505 redimicula
755 2445 869 2506 mitrae.

56 2544 165 2588 orere
184 2526 328 2607 Phrygiae
350 2525 455 2607 (noque
477 2527 553 2589 enim
575 2527 726 2609 Phryges),
748 2529 788 2593 ito
808 2546 863 2607 per
884 2529 941 2590 alta

56 2610 206 2690 llindyma,
229 2609 282 2671 uhi
302 2611 430 2673 adsuetis
451 2611 577 2673 hilarem
599 2611 648 2672 dat
670 2611 740 2673 tihia
762 2615 893 2675 cantum!

56 2704 191 2775 tympana
213 2712 264 2755 vos
284 2693 440 2776 buxusque
461 2704 545 2758 vocat
564 2694 736 2777 Berecyntia
754 2697 855 2760 Matris

55 2779 174 2841 Idaeae:
196 2779 281 2840 sinite
301 2798 383 2842 arma
399 2780 468 2842 viris
487 2787 515 2843 et
537 2781 630 2843 cedite
652 2780 754 2844 terro!

97 2861 178 2922 l'alia
200 2863 355 2923 iactantem
377 2863 461 2925 dictis
482 2882 517 2925 ac
541 2864 604 2925 dira
627 2871 783 2927 canentem

55 2961 115 3005 uon
136 2942 202 3006 tulli
222 2944 372 3015 hscanius,
394 2961 544 3024 nervoque
566 2947 708 3008 obversus
731 2951 836 3026 equino

55 3026 179 3088 intendit
199 3026 288 3090 telum
311 3027 482 3107 diuerseque
503 3029 641 3090 bracchia
660 3029 769 3090 ducens

56 3110 193 3181 constitit,
212 3118 279 3173 ante
300 3111 399 3173 lovem
422 3112 546 3192 supplex
568 3129 621 3192 per
638 3119 704 3173 vote
720 3121 872 3190 precatus:

57 3193 202 3272 ‘luppiter
223 3197 417 3276 omnipotens,
441 3195 603 3258 audacibus
624 3195 720 3258 adnue
741 3198 861 3277 cceptls.

54 3280 117 3356 ipse
138 3275 191 3339 tihi
212 3279 249 3340 ad
270 3287 320 3341 tua
340 3279 449 3360 templa
471 3281 563 3342 leram
585 3279 736 3343 sollemnia
757 3282 833 3343 dona
944 3336 948 3341 .

56 3369 84 3423 et
101 3367 226 3423 statuam
249 3368 317 3424 ante
333 3381 400 3424 aras
422 3371 523 3427 aurata
543 3364 641 3428 ironte
662 3365 819 3428 iuvencum

56 3445 230 3507 candentem
251 3447 423 3524 pariterque
443 3458 531 3527 caput
554 3467 620 3511 cum
641 3456 735 3511 matre
756 3450 910 3521 ferentem,

53 3531 110 3592 hm
132 3546 227 3592 cornu
247 3536 327 3609 petat
348 3535 377 3590 et
398 3531 523 3610 pedihus
546 3535 595 3610 qui
616 3540 734 3612 spargat
756 3534 906 3596 harenam.

802 3633 861 3696 18·
