2512 4096
191 242 253 308 380
513 255 543 303 P.
568 253 710 303 vunnim
733 254 888 305 nunonis

191 427 250 472 non
272 408 355 470 licuit
376 407 511 486 gravidos
532 426 625 488 penso
648 406 800 469 devolvere
822 408 942 484 lusosi·

191 501 220 554 at
241 491 313 553 belli
334 490 438 553 saltem
460 494 603 572 captivam
625 490 692 570 lege
713 494 863 554 necesses!

190 578 249 638 lam
271 575 348 637 sesso
371 575 490 636 tandem
512 574 628 654 lugiunt
649 574 686 635 de
709 592 833 654 corpore
855 576 944 647 vires,

191 667 221 721 et
243 666 331 739 caput
352 658 460 720 intlexa
481 657 595 719 lentum
617 659 731 719 cervice
752 657 909 730 recumbit,

190 760 357 805 marmorea
378 742 512 804 adductis
532 741 688 803 tabescunt
708 740 846 802 bracchia
868 742 967 806 nodis.

190 843 354 907 aequoreae
375 828 498 905 pristes,
520 826 662 886 lmmania
683 843 808 904 corpora
830 829 923 904 ponti,

190 911 321 990 undique
343 910 521 970 conveniunt
542 915 572 969 et
593 906 697 988 glauco
719 909 750 968 in
772 909 887 986 gurgite
910 912 1031 973 circum

188 992 313 1054 verbere
335 992 494 1054 caudarum
516 998 603 1071 atque
625 992 685 1053 oris
707 992 878 1052 minitantur
899 993 997 1056 hiatu.

189 1079 248 1138 iam
272 1076 390 1138 tandem
412 1092 498 1137 casus
518 1075 686 1146 hominum,
709 1075 767 1136 iam
789 1077 920 1155 respice,
944 1078 1065 1142 Minos.

189 1161 228 1221 sit
248 1161 318 1221 satis
339 1159 411 1229 hoc,
435 1166 548 1220 tantum
570 1156 696 1237 Scyllam
717 1157 823 1218 vidisse
843 1157 1004 1234 malorum,

189 1242 235 1304 vel
256 1243 316 1304 lato
338 1243 428 1304 luerit
449 1242 535 1304 nobis
556 1242 630 1303 haec
652 1241 751 1304 debita
772 1243 862 1320 pestis

189 1326 235 1387 vel
258 1345 328 1388 casu
348 1328 463 1387 incerto
485 1327 591 1387 marita
611 1324 658 1386 vel
680 1324 807 1405 denique
829 1324 931 1404 culpa:

190 1411 289 1471 omnia
311 1426 378 1470 nam
400 1409 498 1488 potius
520 1427 608 1490 quam
630 1416 659 1470 te
682 1408 785 1469 iecisse
806 1409 940 1488 putabo?

232 1492 353 1554 Labitur
374 1494 488 1554 interea
510 1492 640 1553 resoluta
654 1491 690 1551 ah
707 1492 919 1564 litoreclassis,

190 1592 296 1654 magna
318 1577 474 1654 repentino
497 1577 651 1637 sinuantur
673 1573 763 1636 lintea
785 1593 864 1646 coro,
1164 1586 1211 1640 att

190 1659 317 1724 llectitur
338 1659 370 1718 in
392 1658 479 1718 viridi
499 1675 599 1720 remus
621 1657 695 1728 salo,
718 1657 856 1737 languida
878 1659 977 1722 fessae

189 1743 310 1822 virginis
331 1743 363 1801 in
385 1759 474 1803 cursu
494 1743 620 1803 moritur
642 1743 825 1822 querimonia
846 1742 947 1820 longo.

191 1825 302 1886 deserit
324 1827 454 1904 angustis
475 1823 622 1887 inclusum
644 1822 777 1886 lauciltu's
798 1826 944 1898 isthmon,

191 1908 361 1988 Cypselidae
383 1910 484 1988 magni
504 1909 640 1970 florentia
662 1924 754 1985 regna
777 1908 927 1979 Corinthi3

189 1993 333 2071 praeterit
354 1991 494 2071 abruptas
515 1992 647 2053 Scironis
668 1992 803 2070 protinus
825 2008 909 2053 arces
1164 2004 1207 2056 465

190 2075 388 2156 infestumque
407 2076 471 2136 suis
493 2075 575 2137 dirae
596 2074 752 2137 testudinis
774 2076 835 2136 exit

189 2158 339 2238 spelaeum
361 2156 513 2239 multoque
536 2165 672 2219 cruentas
694 2159 810 2237 hospite
825 2164 934 2222 cautes.

189 2243 308 2322 iamque
329 2240 403 2303 adeo
424 2249 520 2304 tutum
542 2240 630 2321 longe
651 2241 772 2303 Piraeea
795 2242 899 2312 cernit,

190 2333 219 2385 et
241 2332 325 2386 notas
354 2323 431 2384 eheu
458 2326 567 2388 trustra
589 2332 737 2403 respectat
757 2325 895 2386 Athenas.

188 2409 248 2468 iam
270 2406 374 2488 procul
397 2427 412 2469 e
435 2409 526 2471 ssuctu
547 2407 706 2470 Salaminia
728 2409 850 2488 suspicit
871 2420 941 2469 arva
1160 2421 1207 2473 art

188 2490 387 2570 florentesque
408 2490 487 2553 videt
507 2494 566 2553 iam
588 2490 741 2571 cycladas
764 2493 834 2552 hinc
856 2492 938 2553 sinus
960 2492 1006 2555 illi

189 2574 312 2644 Sunius,
335 2575 405 2634 hinc
426 2577 511 2636 static
535 2581 637 2635 contra
658 2582 739 2653 patet
760 2575 947 2638 Hermiouea.

189 2655 331 2737 linquitur
353 2664 421 2717 ante
444 2657 515 2719 alias
536 2657 623 2735 longe
646 2659 810 2735 gratissima
832 2657 919 2719 Delos

189 2739 348 2801 Nereidum
370 2741 458 2800 matri
480 2746 510 2801 et
530 2740 667 2818 Neptuno
689 2741 814 2818 Aegaeo.

189 2824 333 2902 prospicit
353 2824 512 2896 incinctam
533 2825 682 2903 spumanti
703 2821 790 2884 litore
813 2824 949 2904 Cythnon
1159 2835 1204 2889 att

189 2925 445 2987 marmoreamque
466 2907 564 2969 Paron
585 2906 767 2987 viridemque
789 2906 907 2986 adlapsa
928 2909 1084 2990 Donysam

188 2991 388 3072 Aeginamque
409 2992 497 3053 simul
518 2990 795 3072 sementiteramque
817 2990 987 3069 Seriphum.

189 3073 284 3135 iertur
306 3082 336 3136 et
356 3076 478 3138 incertis
498 3076 623 3137 iactatur
645 3074 682 3136 ad
705 3080 772 3136 aera
794 3077 896 3144 ventis,
1101 3133 1105 3136 Α

190 3156 293 3234 cymba
315 3159 407 3229 velut,
431 3177 553 3238 magnas
573 3160 705 3238 sequitur
727 3175 792 3220 cum
814 3156 933 3237 parvola
957 3159 1072 3227 classes

187 3239 259 3300 tter
281 3248 311 3302 et
330 3241 456 3302 hiberno
478 3241 638 3306 bacchatur
659 3243 689 3302 iu
712 3259 839 3323 aequore
860 3241 957 3316 turbo,
1160 3251 1206 3307 tec

189 3321 284 3383 donec
307 3323 363 3385 tale
386 3324 475 3386 decus
497 3325 611 3386 formae
632 3327 766 3387 venarier
787 3325 864 3387 ultra

189 3421 249 3466 non
271 3405 338 3467 tulit
353 3425 387 3467 ac
409 3409 535 3469 miseros
557 3410 678 3468 mutavit
699 3410 819 3487 virginis
841 3415 923 3470 artus

189 3487 324 3549 caeruleo
346 3486 461 3568 pollens
483 3491 610 3551 coniunx
632 3491 776 3572 Neptunia
798 3508 905 3570 regne.
