2512 4096
197 253 258 317 200
520 261 664 311 venetur
685 262 811 311 sunnis
834 263 870 311 vr

198 427 227 480 et
247 418 278 478 ni
300 417 385 478 docta
405 434 503 478 comos
525 417 621 477 tenuis
638 411 702 477 sine
725 434 851 494 corpore
871 417 942 476 vitas

198 501 354 562 admoneat
375 498 496 562 volitare
518 517 585 561 cara
608 500 663 561 sub
685 500 811 577 imagine
832 500 958 569 formae,

198 585 295 644 inruat
316 591 345 643 et
365 583 473 645 frustm
495 584 575 645 ferro
597 582 913 655 diverberetumbras.

239 667 314 727 Hinc
336 667 380 727 via
401 666 537 728 Tartarei
556 684 631 746 quae
652 666 709 727 lert
728 665 900 727 Acherontis
921 665 958 726 ad
980 667 1085 729 undas.

196 748 333 833 turbidus
352 750 401 811 hic
420 768 511 811 caeno
532 757 669 828 vastaque
691 751 829 827 voragine
850 765 958 828 gurges

198 840 310 894 aestuat
331 843 418 912 atque
441 851 559 894 omnem
581 831 688 912 Cocyto
711 839 824 893 eructat
845 833 995 894 harenam.

196 919 323 996 portitor
344 917 396 977 has
417 916 584 978 horrendus
603 933 693 994 aquas
715 923 744 976 et
762 915 881 977 llumiua
903 924 999 978 servat

198 999 322 1062 terribili
339 1000 477 1079 squalore
499 999 632 1082 Charon,
653 1000 703 1061 cui
724 999 851 1077 plurima
871 1009 969 1061 mento

198 1085 318 1145 canities
339 1084 448 1145 inculta
468 1084 557 1153 iacet,
581 1090 658 1143 stant
679 1081 790 1143 lumina
811 1082 945 1153 flamma,

198 1167 334 1243 sordidus
353 1185 390 1230 ex
408 1169 519 1228 umeris
540 1166 617 1227 nodo
641 1166 787 1244 dependet
809 1168 940 1228 amictus.

198 1254 261 1331 ipse
283 1258 377 1312 ratem
400 1259 487 1312 conto
510 1250 619 1330 subigit
640 1249 770 1330 velisque
791 1251 950 1321 ministrat,

199 1343 228 1395 et
249 1335 418 1411 ferruginea
439 1335 589 1396 subvectat
608 1352 733 1412 corpore
755 1334 877 1405 cumba,

198 1419 257 1478 iam
278 1419 392 1488 senior,
415 1417 466 1479 sed
481 1418 572 1480 cruda
596 1419 651 1479 deo
675 1417 831 1497 viridisque
853 1424 998 1479 senectus.

198 1501 258 1561 huc
279 1503 373 1562 omnis
394 1501 481 1563 turba
503 1503 540 1563 ad
559 1503 639 1580 ripas
660 1502 751 1563 effusa
773 1501 894 1572 ruebat,

198 1591 308 1645 matres
329 1591 416 1663 atque
437 1585 491 1645 viri
510 1586 705 1664 defunctaque
728 1603 852 1663 corpora
869 1585 927 1647 rita

199 1668 417 1746 magnanimum
438 1668 577 1737 heroum,
598 1669 685 1748 pueri
706 1670 904 1747 innuptaeque
924 1668 1039 1747 puellae

199 1752 383 1830 impositique
405 1753 484 1828 rogis
505 1753 623 1813 iuvenes
646 1758 712 1813 ante
734 1769 786 1812 ora
807 1759 980 1830 parentum:

131 1849 136 1856 ·
199 1853 287 1915 quarn
309 1834 400 1896 multa
422 1836 452 1895 in
473 1835 551 1896 silvis
573 1837 704 1896 autumni
723 1834 832 1914 frigore
853 1837 949 1914 primo

199 1917 280 1998 lapsa
302 1918 410 1979 cadunt
431 1918 514 1989 folia,
536 1925 586 1980 aut
607 1919 644 1980 ad
664 1926 774 1982 terram
795 1920 909 1999 gurgite
930 1921 966 1982 ab
990 1921 1048 1982 alto

200 2020 288 2081 quam
309 2002 418 2064 multae
434 2003 635 2080 glomerantur
657 2022 740 2073 aves,
763 2004 814 2064 ubi
835 2003 957 2082 frigidus
979 2024 1074 2068 annus

199 2095 280 2147 trans
302 2093 424 2164 pontum
442 2086 524 2164 fugat
544 2095 572 2153 et
593 2089 679 2148 terris
700 2089 817 2149 imnittit
837 2089 952 2165 apricis.

201 2170 318 2231 stabant
341 2178 458 2232 orantes
480 2173 569 2249 primi
591 2174 789 2233 transmittere
806 2188 925 2233 cursum

199 2253 416 2334 tendebantque
435 2273 539 2316 manus
560 2257 641 2333 ripae
663 2255 810 2317 ulterioris
828 2272 938 2318 amore.

198 2338 294 2398 navita
316 2337 367 2400 sed
382 2340 472 2400 tristis
493 2356 572 2400 nunc
589 2339 645 2399 hos
664 2357 743 2400 nunc
765 2340 868 2417 accipit
889 2337 969 2411 illos,

199 2428 243 2480 ast
263 2420 334 2481 alios
355 2421 442 2500 longe
460 2430 621 2484 summotos
644 2430 725 2483 arcet
745 2423 880 2499 harena„

199 2503 311 2565 deneas
333 2507 455 2567 miratus
477 2508 554 2568 enim
571 2513 727 2583 motusque
749 2505 875 2567 tumultu

201 2587 279 2648 ‘dic'
304 2591 357 2660 ait,
381 2599 414 2649 ‘o
436 2589 532 2667 virgo,
558 2589 627 2666 quid
645 2589 704 2649 volt
727 2606 889 2650 concursus
911 2589 947 2650 ad
969 2593 1105 2652 amnem?

200 2672 305 2750 quidve
326 2680 431 2751 petunt
452 2672 585 2732 animae?
606 2671 652 2732 vel
676 2690 733 2750 quo
756 2672 922 2733 discrimine
941 2674 1019 2751 ripas

200 2756 255 2820 hae
277 2755 403 2826 lincunt,
431 2754 496 2816 illae
513 2755 603 2820 remis
624 2755 696 2815 reda
718 2755 803 2816 livida
824 2757 976 2816 verrunti'

200 2837 248 2897 olli
267 2839 309 2898 sic
331 2838 460 2899 breviter
479 2838 537 2899 lata
560 2844 604 2899 est
623 2836 764 2918 longaeva
783 2841 938 2902 sacerdos:

200 2921 344 2984 ‘Anchisa
362 2929 517 3001 generate,
542 2922 806 2985 deumcertissima
828 2924 941 3005 proles,

200 3005 298 3085 Cocyti
320 3014 421 3085 stagna
443 3006 499 3069 alta
524 3007 604 3068 vides
625 3008 811 3088 Stygiamque
832 3007 984 3087 paludem,

200 3089 229 3149 di
252 3090 334 3150 cuius
353 3092 452 3153 iurare
473 3093 575 3152 timent
597 3098 626 3152 et
647 3092 748 3154 fallere
770 3111 888 3153 numen.

200 3172 273 3232 haec
297 3176 407 3245 omnis,
431 3193 518 3254 quem
540 3177 652 3250 cernis,
673 3178 757 3253 inops
777 3176 985 3256 inhumataque
1007 3175 1140 3247 turbast-;
1163 3189 1215 3243 325

201 3255 324 3332 portitor
341 3256 391 3318 ille
413 3257 543 3327 Charon;
565 3258 611 3328 hi,
635 3275 709 3335 quos
730 3257 808 3319 vehit
828 3258 921 3328 unda,
945 3258 1060 3338 sepulti.

199 3354 255 3398 nec
273 3339 353 3417 ripas
374 3342 459 3402 detur
481 3341 643 3401 horrendas
665 3348 693 3400 et
715 3359 805 3402 rauca
825 3341 935 3404 ssuenta

200 3428 400 3501 transportare
421 3426 519 3502 prius,
543 3441 629 3502 quam
648 3423 766 3484 sedibus
788 3443 852 3487 ossa
876 3428 1021 3505 quierunt.

200 3514 318 3569 centum
342 3514 441 3569 errant
463 3525 555 3568 annos
571 3506 748 3587 volitantque
769 3509 843 3572 haec
859 3510 944 3572 litora
967 3513 1093 3581 circum;
