2512 4096
451 250 593 299 vulteum
608 250 734 300 aluums
749 250 800 298 ΧΗ

123 423 182 486 qua
204 406 280 465 renti
301 404 473 474 lucubuere,
496 404 593 482 lugam
616 404 685 465 dant
705 404 804 465 nubila
826 402 921 465 caelo:

122 490 166 549 eie
188 486 298 557 Turno,
321 505 505 566 quacumque
528 491 602 548 viam
621 495 709 557 secat,
732 489 845 564 agmina
865 488 972 549 cedunt

123 587 341 650 conversaeque
363 577 452 632 ruunt
473 571 564 639 acies;
588 570 646 632 lert
667 572 792 648 impetus
813 572 919 648 ipsum,

123 662 154 714 et
175 654 293 714 cristam
315 654 437 715 adverso
458 671 549 715 curru
571 655 662 733 quatit
683 671 754 714 aura
775 652 928 714 volentem.
1076 661 1128 714 tto

125 754 187 796 non
210 735 274 797 tulit
296 738 451 799 instantem
470 736 605 814 Phegeus
624 737 785 815 animisque
805 737 994 798 frementem:

122 817 231 880 obiecit
250 838 315 881 sese
334 821 371 881 ad
390 838 511 882 currum
535 830 563 880 et
584 822 749 898 spumantia
771 819 862 881 irenis

122 919 175 962 ora
197 904 352 965 citatorum
374 904 476 964 dextra
498 903 619 963 detorsit
640 921 793 981 equorum.

121 986 194 1047 dum
213 986 337 1047 trahitur
357 987 552 1066 pendetque
543 985 626 1064 rugis,
644 985 723 1046 hunc
745 984 802 1046 lata
819 992 962 1046 retectum

120 1068 224 1129 lancea
246 1071 433 1150 consequitur
454 1071 622 1148 rumpitque
643 1069 729 1130 infixa
751 1067 868 1130 bilicem

122 1151 246 1212 loricam
267 1161 296 1213 et
317 1171 463 1213 summum
486 1153 619 1229 degustat
639 1151 757 1215 volnere
779 1169 897 1230 corpus.

121 1233 171 1295 dte
192 1243 289 1296 tamen
309 1235 403 1314 clipeo
424 1237 538 1295 obiecto
561 1252 719 1297 conversus
738 1238 769 1296 in
790 1235 903 1295 hostem

121 1316 184 1378 ibat
206 1325 235 1378 et
255 1317 393 1380 auxillum
416 1318 504 1379 ducto
525 1335 666 1379 mucrone
684 1318 818 1397 petebat:

123 1418 192 1461 cum
214 1409 278 1461 rota
300 1403 489 1479 praecipitem
509 1408 537 1461 et
555 1417 701 1479 procursu
722 1401 853 1463 concitus
873 1403 933 1460 axis

122 1483 237 1561 impulit
258 1484 436 1564 ellimditque
455 1482 527 1553 solo,
548 1483 724 1562 Turnusque
744 1491 861 1545 secutus

122 1567 212 1627 imam
233 1568 309 1628 inter
331 1567 444 1646 galeam
465 1568 572 1628 summi
592 1567 720 1627 thoracis
741 1576 770 1628 et
788 1585 855 1627 oras

123 1649 242 1710 ahstrdit
261 1667 330 1711 ense
350 1657 436 1727 caput
457 1657 651 1729 truncumque
672 1649 789 1729 reliquit
809 1649 946 1710 harenae.

163 1733 261 1809 htque
282 1751 315 1794 ea
337 1734 408 1795 dum
431 1735 540 1813 campis
560 1734 651 1794 vietor
670 1734 719 1793 dat
739 1734 842 1794 funera
863 1732 990 1800 Turnus,

122 1817 234 1877 interea
255 1819 373 1879 Aenean
394 1817 561 1878 Mnestheus
583 1825 612 1877 et
631 1817 705 1878 lidus
727 1817 850 1877 Achates

122 1901 320 1979 Ascaniusque
342 1917 440 1961 comes
461 1901 564 1961 castris
585 1907 713 1961 statuere
735 1907 897 1965 cruentum,

124 1982 253 2042 alternos
272 1982 359 2062 longa
381 1984 520 2044 nitentem
540 1982 659 2060 cuspide
679 1999 805 2059 gressm.

124 2069 214 2125 saevit
235 2073 263 2124 et
283 2067 407 2125 infracta
427 2065 554 2126 luctatur
575 2064 740 2124 harundine
761 2061 849 2123 telum

126 2149 242 2226 eripere
265 2147 428 2225 auxilioque
449 2149 535 2216 viam
558 2164 632 2225 quae
653 2147 794 2223 proxima,
815 2146 909 2223 poscit

124 2247 194 2292 cnse
212 2239 312 2292 secent
332 2229 391 2291 lato
412 2228 515 2291 volnus
536 2228 644 2306 telique
664 2226 807 2288 latebram

123 2313 290 2375 rescindant
309 2314 426 2392 penitus
447 2329 571 2391 seseque
590 2313 622 2371 in
642 2310 717 2372 bella
740 2312 897 2371 remittant.
986 2362 996 2368 .

123 2400 241 2474 iamque
262 2396 363 2458 aderat
384 2395 504 2456 Phoebo
520 2402 587 2455 ante
608 2393 681 2454 alios
704 2394 826 2455 dilectus
847 2393 934 2472 Iapyx

123 2480 240 2549 Iasides,
262 2482 324 2540 acri
345 2478 492 2557 quondam
514 2479 583 2556 quoi
603 2485 705 2556 captus
723 2495 824 2538 amore

123 2565 187 2641 lpse
207 2580 276 2623 suas
302 2570 389 2632 artes,
412 2579 465 2623 sua
486 2579 617 2631 munera,
641 2560 733 2622 laetus
754 2560 857 2639 Apollo

123 2647 280 2722 augurium
300 2646 499 2724 citharamque
521 2645 608 2706 dabat
629 2645 792 2735 celerisque
815 2646 942 2722 sagittas.

123 2726 172 2789 ille
191 2738 223 2790 ut
241 2729 364 2808 depositi
385 2730 533 2808 proferret
554 2729 612 2789 iata
633 2724 772 2812 parentis,

123 2813 199 2873 scire
217 2820 373 2890 potestates
396 2813 556 2874 herbarum
578 2830 724 2890 usumque
744 2811 881 2874 medendi

123 2895 225 2955 maluit
247 2904 276 2955 et
294 2904 390 2956 mutas
413 2897 522 2972 agitare
543 2896 685 2972 inglorius
706 2902 793 2955 artes

112 2977 219 3049 ‚stabat
236 2978 343 3038 acerba
364 2977 502 3045 tremens,
520 2979 668 3054 ingentem
690 2978 776 3037 nixus
798 2979 827 3036 in
849 2975 960 3035 hastam

123 3063 236 3119 Aeneas
255 3076 362 3136 magno
383 3061 520 3120 iuvenum
541 3067 569 3118 et
586 3061 742 3120 maerentis
759 3058 814 3119 luli

124 3159 280 3212 concursu,
302 3142 432 3204 lacrimis
454 3141 609 3202 inmobilis.
642 3140 691 3202 ille
713 3148 824 3202 retorto

124 3226 283 3286 Paeonium
301 3228 331 3288 in
352 3244 465 3288 morem
488 3227 585 3286 senior
607 3226 773 3286 succinctus
791 3225 896 3286 amictu

126 3307 217 3370 multa
238 3327 326 3370 manu
347 3310 461 3371 medica
484 3308 654 3387 Phoebique
675 3307 843 3387 potentibus
864 3305 965 3368 herhis

123 3393 301 3469 nequiquam
322 3394 457 3472 trepidat,
478 3396 656 3471 nequiquam
678 3393 789 3471 spicula
810 3391 912 3452 dextra

126 3473 261 3535 sollicitat
282 3483 460 3557 prensatque
480 3478 576 3539 tenaci
597 3477 709 3554 forcipe
730 3476 851 3537 terrum
