2512 4096
413 261 557 309 vnuolnl
577 262 702 312 Anunls
724 264 737 310 1
818 295 824 307 .

64 419 216 501 adgnovit,
237 414 287 477 tali
307 415 465 492 fugientem
487 423 531 475 est
549 434 621 477 roce
641 430 773 479 secutus·

63 501 149 583 ‘quid
169 508 273 562 natum
290 501 412 569 totiens,
435 498 560 560 crudelis
581 507 613 560 tu
635 518 766 580 quoque,
789 503 867 565 ialsn

62 584 139 649 ludis
159 582 354 662 imaginibus?
373 601 427 644 eur
445 584 566 644 dextrae
585 585 707 660 iungere
728 585 859 648 dextram

63 686 123 731 non
142 668 248 746 datur,
270 684 305 727 ac
323 683 408 727 veras
429 667 530 727 audire
555 676 585 727 et
603 667 730 730 reddere
749 670 866 729 voces‘l’

63 750 169 815 talibus
190 752 319 820 incusat,
341 767 532 828 gressumque
554 751 592 811 ad
610 753 725 812 moenia
747 752 848 813 tendit.

65 843 93 898 at
111 834 212 897 Venus
231 832 358 895 obscuro
380 834 538 910 gradientis
559 839 629 895 aere
648 836 769 913 saepsit,

65 917 206 983 e-muttc
227 916 354 978 nebulae
375 917 487 978 circum
507 917 560 978 dea
584 919 657 978 ludit
675 921 797 990 amictu,

65 1020 187 1065 mere
208 1002 312 1079 nequis
334 1018 384 1062 eos
404 1019 462 1062 neu
486 1003 550 1079 quis
571 1005 742 1079 contingere
760 1014 859 1081 posset

63 1085 195 1148 molirive
216 1101 330 1144 moram
352 1096 403 1144 ant
421 1085 556 1145 veniendi
578 1103 702 1163 poscere
723 1105 834 1148 causm.

62 1170 125 1249 ipsa
143 1168 279 1247 Paphum
301 1166 433 1227 sublimis
455 1167 530 1235 abit,
552 1168 697 1247 sedesque
715 1171 816 1230 revisit

62 1252 136 1315 laeta
154 1269 237 1321 snas,
258 1249 310 1311 ubi
332 1250 473 1327 templum
493 1250 547 1319 illi,
571 1261 746 1330 centumque
769 1252 881 1314 Sabaeo

64 1347 128 1398 ture
149 1335 247 1396 calent
264 1350 334 1393 arae
351 1334 495 1410 sertisque
511 1335 681 1396 recentibus
701 1335 809 1397 balant.

104 1418 282 1496 Corripuere
300 1416 375 1476 viam
396 1416 523 1484 interea,
544 1435 602 1495 qua
622 1419 724 1479 semita
745 1427 937 1491 monstratr-

62 1504 179 1583 iamque
201 1498 398 1561 ascendebant
415 1497 537 1570 collem,
561 1503 610 1577 qui
632 1500 775 1580 plurimus
795 1502 861 1564 urbi

62 1585 196 1647 imminet
216 1584 411 1660 adversasque
433 1592 561 1660 aspectat
580 1584 708 1663 desuper
729 1603 822 1648 arces.

63 1670 187 1729 miratur
204 1664 313 1727 molem
333 1668 461 1736 Aeneas,
484 1667 607 1744 magalia
626 1669 789 1747 quondam,

63 1754 187 1813 rniratm
207 1760 308 1828 portas
327 1752 538 1830 strepitumque
558 1761 587 1812 et
604 1762 693 1814 strata
715 1756 837 1815 viarum.

63 1836 173 1897 instant
192 1832 328 1894 ardentes
349 1835 439 1913 Tyrii:
461 1852 530 1912 pars
546 1835 655 1898 ducere
671 1855 773 1898 muros

65 1917 221 1996 molirique
242 1934 341 1979 areern
359 1928 389 1976 et
409 1919 544 1980 manibus
564 1919 737 1981 subvolvere
758 1938 844 1989 saxa,

64 2018 134 2080 pars
157 2010 258 2079 optare
278 1998 376 2061 locum
394 2009 471 2061 tecto
491 2011 527 2077 et
537 2001 715 2063 concludere
736 2002 827 2062 sulco.

64 2083 144 2168 [iura
163 2085 408 2162 magistratusque
423 2084 527 2161 legunt
545 2092 738 2161 sanctumque
760 2082 907 2163 senatum]

64 2167 114 2231 tue
132 2176 235 2245 portus
256 2165 303 2228 alii
324 2166 480 2235 elindiunt;
502 2167 570 2227 hinc
588 2166 646 2226 lata
667 2165 789 2225 theatris

64 2251 252 2313 fundamenta
272 2254 375 2327 petunt
396 2247 459 2317 alii,
480 2249 674 2324 immanisque
692 2247 842 2308 columnas

63 2333 188 2412 rupibus
208 2333 360 2400 excidunt,
381 2331 494 2391 scaenis
516 2331 623 2391 decora
643 2330 700 2391 alta
722 2332 835 2393 futuris.

65 2416 158 2497 qualis
180 2434 250 2496 apes
268 2422 378 2477 aestate
397 2431 472 2473 nova
494 2431 547 2491 per
568 2413 661 2476 ssorea
681 2432 751 2475 rura

65 2510 184 2562 exercet
207 2500 262 2561 sub
286 2497 347 2559 sole
368 2497 467 2569 labor,
486 2517 554 2559 cnm
576 2500 670 2576 gentis
691 2498 804 2560 adultos

65 2584 194 2645 educvmt
215 2583 307 2653 letus,
329 2591 379 2643 aut
401 2600 469 2643 cnm
489 2582 629 2662 liquentia
650 2583 736 2645 mella

65 2669 172 2747 stipant
193 2676 222 2727 et
243 2665 320 2727 dvlci
343 2666 510 2727 distendunt
531 2676 650 2728 nectare
673 2666 774 2737 cellas,

65 2761 116 2811 aut
137 2766 228 2810 onera
246 2750 391 2828 accipiturt
406 2751 588 2820 venientum,
610 2761 660 2811 ant
678 2753 793 2828 agmine
812 2756 888 2812 laeto

66 2835 202 2913 ignavom
223 2833 307 2894 lucos
327 2851 417 2911 pecus
434 2852 451 2893 a
471 2833 662 2911 praesepibus
683 2844 800 2901 arcent;

65 2917 159 2979 ierret
180 2933 269 2995 opus,
290 2915 481 2994 redolentque
498 2917 596 2994 thymo
619 2917 779 2993 fragrantia
802 2915 896 2977 mella.

66 3008 100 3060 ‘o
120 2999 275 3070 fortunati,
299 3017 426 3078 qnorum
447 3001 505 3059 iarn
524 3001 640 3059 moenia
662 3000 815 3076 surguntl’

65 3085 180 3145 Aeneas
200 3085 253 3151 eit,
278 3092 306 3144 et
324 3083 436 3158 fastigia
459 3084 579 3159 suspicit
604 3081 696 3141 urbis.

64 3166 155 3229 infert
175 3184 207 3228 se
230 3174 347 3245 saeptus
368 3164 475 3226 nebula
497 3164 639 3243 (mirabile
660 3165 748 3246 dictu)

64 3267 119 3329 per
139 3248 251 3310 medios
273 3252 433 3329 miscetque
454 3250 537 3318 viris,
559 3267 655 3328 neque
678 3252 806 3311 'cernitur
826 3248 886 3310 ulli.

107 3332 205 3395 anus
226 3335 256 3393 in
276 3334 352 3395 mbo
374 3335 427 3393 luit
447 3333 558 3404 metlia,
578 3334 752 3395 laetissimus
774 3334 911 3402 umbrae,

64 3434 125 3497 quo
145 3418 273 3494 primum
295 3419 392 3478 iactati
412 3418 498 3478 undis
518 3427 547 3478 et
567 3418 684 3479 turbine
702 3418 792 3478 Poeni

62 3500 195 3562 ellodere
216 3500 281 3562 loeo
303 3501 435 3574 signum,
457 3501 535 3577 quod
557 3503 636 3578 regia
659 3502 731 3561 luno

146 3614 281 3661 exsucca,
301 3613 413 3651 resurr..
887 3597 905 3651 'l
