2512 4096
449 303 592 351 vnnonx
606 303 731 352 anunm
749 305 800 352 xn
1063 294 1123 356 3⁴19

122 457 251 519 nrdentis
270 456 422 519 oculorum
444 456 531 518 orbes
553 457 590 518 ad
608 457 724 526 moenia
745 459 830 518 torsit
1072 466 1125 520 oto

122 539 257 602 turbidus
274 559 349 620 eque
371 542 442 601 rotis
464 557 599 618 magnam
617 541 747 618 respexit
768 542 805 601 ad
822 542 935 609 urbem

123 641 192 686 eooc
211 632 307 685 autem
327 623 452 685 flammis
467 624 546 684 inter
565 621 693 684 tabulata
714 623 830 684 volutus

123 706 161 767 ad
183 705 295 768 caelum
319 706 448 768 undabat
469 714 569 768 vertex
589 707 753 785 turrimque
775 706 901 777 tenebat,

76 782 83 797 '
121 791 235 861 turrim,
258 791 416 868 compactis
433 788 566 850 trabibus
585 806 671 868 quam
691 790 831 850 eduxerat
851 792 914 870 ipse

121 872 349 952 subdideratque
366 879 446 933 rotas
466 874 621 952 pontisque
641 873 812 933 instraverat
833 873 915 935 altos.

122 957 196 1016 ‘iam
215 956 272 1015 iarn
290 956 358 1027 iata,
380 973 474 1025 soror,
494 963 647 1034 superant;
668 954 775 1016 absiste
796 959 921 1026 morari;

122 1056 181 1117 quo
200 1038 271 1099 deus
293 1047 322 1099 ot
343 1058 401 1119 quo
423 1039 495 1100 dura
516 1045 600 1099 vocat
621 1039 759 1109 Fortuna,
782 1057 948 1119 sequamur.

121 1127 178 1180 stat
199 1121 334 1183 oonlerre
354 1139 472 1183 manum
489 1123 611 1191 tenne,
634 1128 691 1183 stat
708 1122 847 1200 quidquid
867 1122 993 1184 acerblst

120 1213 217 1264 morte
237 1205 312 1282 pati;
335 1222 431 1282 neque
451 1222 499 1266 me
520 1205 698 1273 indecorem,
721 1220 869 1282 germana,
889 1205 999 1267 videbis

122 1286 254 1364 amplius.
286 1288 374 1356 huno,
398 1305 460 1356 oro,
482 1289 544 1347 sino
565 1305 613 1348 me
633 1287 732 1349 lurore
751 1295 818 1349 ante
836 1288 987 1350 furorem!

122 1370 193 1431 dixit
213 1377 241 1432 et
264 1390 281 1432 e
301 1388 391 1431 curru
413 1370 519 1431 saltum
540 1370 620 1431 dedit
636 1370 717 1430 ocius
739 1373 814 1431 arrio

121 1471 233 1532 perque
255 1454 355 1523 hostis,
378 1471 432 1530 por
453 1452 510 1515 tela
530 1454 590 1513 ruit
611 1459 808 1533 maestamque
831 1471 963 1516 sororem

122 1535 231 1597 deserit
249 1554 284 1597 ac
303 1537 407 1615 rapido
429 1553 519 1598 cursu
537 1537 632 1597 media
653 1539 769 1614 agmina
789 1539 908 1616 rumpit.

122 1635 156 1679 ac
178 1618 265 1680 veluti
287 1621 393 1680 montis
411 1636 514 1680 saxum
536 1619 573 1681 de
593 1622 701 1681 vertice
720 1638 864 1699 praeceps

122 1720 188 1763 eum
210 1703 270 1762 rult
291 1701 420 1763 erebum
439 1709 534 1774 rento,
556 1720 608 1764 seu
629 1701 764 1764 turbidus
783 1703 879 1765 lmber

121 1784 230 1862 proluit
251 1792 301 1847 aut
323 1787 405 1847 annis
426 1785 510 1847 solvit
529 1784 666 1865 sublapsa
684 1793 826 1856 vetustam

121 1867 213 1930 fertur
230 1869 259 1929 in
281 1869 439 1948 abruptum
460 1887 565 1947 magno
586 1887 671 1929 mons
689 1869 842 1948 improbus
863 1877 929 1932 actu

122 1950 288 2031 exultatque
309 1952 382 2023 solo,
402 1952 488 2013 silvas
510 1960 640 2012 armenta
661 1955 797 2028 virosque

122 2033 269 2094 involvens
290 2051 405 2094 secum:
426 2034 545 2094 disiecta
567 2047 620 2112 per
642 2035 756 2111 agmina
777 2033 895 2095 Turnus

123 2117 164 2175 sic
185 2115 267 2176 urbis
287 2118 348 2176 ruit
369 2116 405 2176 ad
427 2134 537 2184 muros,
559 2116 610 2176 ubi
631 2114 756 2194 plurima
778 2117 843 2176 fuso

121 2199 260 2274 sanguine
282 2206 361 2259 terra
383 2197 480 2259 madet
501 2197 684 2276 striduntque
706 2198 858 2259 hastilibus
878 2217 976 2270 aurae,

121 2282 320 2361 significatque
342 2299 432 2342 manu
453 2290 481 2341 et
501 2298 607 2358 magno
626 2280 712 2342 simul
730 2281 833 2360 incipit
854 2300 924 2343 ore:

122 2366 247 2442 ‘parcite
267 2366 335 2434 lam,
355 2363 463 2432 Rutuli,
485 2372 514 2424 et
531 2381 583 2424 vos
601 2363 658 2425 tela
680 2363 818 2434 inhibete,
841 2365 954 2434 Latini;

122 2465 323 2526 quaecumque
345 2453 389 2508 est
409 2447 548 2517 Fortuna,
570 2465 634 2508 mea
658 2454 715 2508 est:
739 2465 787 2508 me
807 2450 904 2510 verius
923 2466 1012 2510 unum

121 2546 175 2609 pro
195 2529 276 2591 vobis
296 2530 399 2592 foedus
420 2528 502 2592 luere
524 2537 552 2591 et
574 2531 734 2592 decernere
754 2529 853 2592 lorro'
1071 2538 1122 2592 ott

122 2612 282 2674 discessere
303 2631 404 2674 omncs
423 2613 511 2675 medii
532 2616 713 2694 spatiumque
736 2615 852 2675 dedero.

162 2697 198 2756 At
219 2704 301 2775 pater
323 2699 435 2760 Aeneas
455 2698 553 2759 audito
575 2700 693 2759 nomine
712 2698 805 2759 'lurni

122 2779 230 2840 deserit
251 2788 280 2840 et
299 2797 400 2841 muros
419 2786 448 2841 et
468 2798 597 2842 summas
619 2783 727 2843 deserit
747 2799 830 2841 arces

122 2863 350 2938 praecipitatque
372 2880 470 2923 moras
489 2865 592 2934 omnls,
616 2883 705 2941 opera
724 2865 820 2926 omnia
841 2864 960 2940 rumpit,

121 2943 226 3002 laetitia
248 2942 389 3013 exultans,
410 2944 649 3024 horrendumque
670 2947 782 3006 intonat
802 2947 906 3005 armis:

122 3032 247 3104 quantus
268 3025 358 3085 Athos
380 3033 430 3086 aut
451 3033 576 3102 quantus
597 3026 673 3104 Eryx
692 3035 742 3086 aut
762 3028 825 3103 ipse
847 3027 976 3086 coruscis

122 3124 189 3168 oum
207 3107 302 3168 tremit
322 3107 435 3169 ilicibus
456 3116 581 3187 quantus
601 3110 765 3188 gaudetque
786 3108 873 3170 nivali

121 3191 229 3250 vertice
248 3209 280 3252 se
301 3189 434 3252 attollens
453 3198 536 3269 pater
558 3193 750 3272 Appenninus
772 3193 809 3253 ad
831 3209 926 3252 auras.

121 3273 177 3334 iam
199 3291 267 3334 vero
288 3283 316 3335 et
336 3271 434 3337 Rutuli
454 3276 586 3335 certatim
608 3282 636 3336 et
654 3275 746 3336 Troes
768 3284 796 3337 et
818 3294 918 3337 omnes

122 3364 291 3418 convertere
311 3356 411 3418 oculos
430 3357 503 3436 ltali,
524 3359 630 3438 quique
652 3358 709 3419 alta
729 3359 868 3421 tenebant

121 3440 236 3500 moenia
257 3440 364 3517 quique
384 3440 458 3500 imos
478 3439 632 3519 pulsabant
654 3444 745 3505 ariete
765 3461 875 3512 muros,

122 3538 261 3602 armaque
281 3523 443 3601 deposuere
461 3525 579 3586 umeris.
612 3532 709 3606 stupet
729 3528 792 3606 ipse
814 3526 932 3586 Latinus
