2512 4096
446 268 590 317 venenu
612 267 751 316 scucos
774 267 797 314 x

240 436 273 487 tu
294 423 398 504 procul
421 442 437 484 a
458 425 552 502 patria
575 423 639 501 (nec
661 423 698 482 sit
718 422 789 482 mihi
811 419 935 482 credere
957 431 1074 484 tantum

247 590 366 670 Alpinas
387 609 403 650 a
426 590 501 651 dura
522 590 603 649 nires
625 596 654 649 et
675 589 784 667 frigora
805 587 899 649 Rheni

244 694 292 737 me
313 677 376 735 sine
397 672 460 734 sola
481 672 570 734 rides.
608 689 638 742 a,
661 678 690 732 te
712 689 750 732 ne
770 670 881 750 frigora
902 669 1038 732 laedant!

244 778 274 829 a,
299 759 350 819 tibi
371 775 410 818 ne
429 763 547 818 teneras
569 754 676 833 glacies
698 762 777 816 secet
799 771 902 832 aspera
924 753 1056 832 plantas!

242 842 290 904 ibo
313 848 342 903 et
363 839 528 903 Calchidico
551 857 625 917 quae
647 844 715 899 sunt
735 837 807 899 mihi
829 837 945 898 condita
967 857 1058 900 versu
1099 850 1130 902 td
1169 834 1170 843 ’

244 926 373 988 carmina
394 923 520 1002 pastoris
541 920 630 984 Siculi
650 921 825 982 modulabor
847 939 945 981 arena.

246 1015 358 1070 certum
381 1015 425 1067 est
444 1008 476 1066 in
498 1004 576 1066 silvis
596 1007 678 1071 inter¹
695 1004 811 1083 spelaea
833 1004 964 1065 ferarum

245 1090 331 1152 malle
352 1090 412 1168 pati
433 1091 603 1167 tenerisque
623 1106 707 1150 meos
728 1088 858 1150 incidere
879 1105 997 1149 amores

245 1173 415 1236 arboribus:
439 1179 572 1235 crescent
592 1171 672 1243 illae,
696 1174 833 1233 crescatis
855 1188 980 1233 amores.

245 1260 357 1320 interea
379 1257 477 1319 mixtis
497 1255 629 1317 lustrabo
651 1255 780 1317 Maenala
801 1255 945 1334 nymphis,
1098 1267 1130 1320 55

246 1350 296 1402 aut
317 1342 393 1402 acris
414 1339 544 1402 venabor
566 1357 662 1419 apros.
697 1356 757 1398 non
778 1356 826 1399 me
847 1336 906 1398 ulla
927 1337 1070 1400 rotabunt

246 1425 355 1502 frigora
375 1423 549 1487 Parthenios
571 1422 692 1484 canibus
714 1423 897 1483 circumdare
918 1420 1020 1483 saltus.

245 1509 302 1567 iam
322 1507 395 1566 mihi
416 1526 469 1586 per
490 1524 580 1585 rupes
601 1505 700 1567 videor
720 1505 861 1585 lucosque
882 1507 1014 1566 sonantis

246 1591 303 1660 ire,
325 1589 397 1650 libet
417 1590 526 1651 Partho
546 1596 687 1668 torquere
709 1589 835 1669 Cydonia
857 1606 950 1650 cornu

141 1665 147 1686 ‘
246 1671 365 1752 spicula.
396 1680 543 1751 tamquam
558 1672 631 1734 haec
645 1674 682 1733 sit
695 1673 788 1733 nostri
803 1672 946 1734 medicina
961 1671 1073 1732 furoris
1099 1682 1132 1737 60

247 1764 297 1818 aut
318 1756 391 1816 deus
411 1754 460 1817 ille
480 1755 563 1816 malis
584 1757 736 1817 hominum
757 1758 911 1818 mitescere
932 1755 1036 1817 discat.

245 1843 304 1902 iam
325 1857 424 1918 neque
443 1838 652 1918 hamadryades
672 1858 775 1903 rusum
789 1857 885 1920 neque
900 1839 1032 1901 carmina
1047 1837 1132 1900 nobis

247 1925 309 2003 ipsa
331 1922 462 2002 placent;
485 1924 565 2000 ipsae
586 1939 690 1985 rursus
712 1922 863 1984 concedite
884 1923 980 1983 silvae.

246 2025 306 2069 non
327 2006 411 2068 illum
431 2007 524 2066 nostri
545 2013 668 2085 possunt
688 2013 802 2069 mutare
823 2005 956 2068 labores:

247 2111 302 2153 nec
324 2093 349 2152 si
369 2089 528 2170 frigoribus
549 2091 653 2152 mediis
673 2089 865 2170 Hebrumque
886 2088 1024 2150 bibamus
1099 2098 1132 2153 65

247 2176 451 2255 Sithoniasque
472 2174 552 2235 nives
573 2174 677 2235 hiemis
698 2173 856 2235 subeamus
877 2189 1015 2252 aquosae,

248 2277 304 2320 nec
325 2261 363 2329 si,
387 2276 455 2320 oum
476 2258 606 2318 moriens
627 2256 685 2317 alta
705 2256 782 2318 liber
803 2263 867 2318 aret
887 2258 918 2318 in
939 2254 1031 2325 ulmo,

247 2341 422 2418 Aethiopum
444 2357 594 2402 versemus
616 2341 678 2399 ovis
699 2340 754 2401 suh
776 2340 872 2402 sidere
894 2339 1003 2401 cancri.

250 2425 346 2484 omnia
367 2425 455 2485 vincit
474 2425 580 2483 Amor:
597 2429 633 2496 ⁸et
654 2440 709 2483 nos
731 2423 870 2485 cedamus
890 2420 1011 2483 Amori?

158 2562 172 2570 .⁴
294 2506 372 2567 llaec
387 2514 431 2566 sat
446 2507 514 2575 erit,
531 2505 628 2576 dirae,
645 2512 774 2568 vestrum
789 2508 930 2569 cecinisse
947 2512 1077 2583 poetam,
1100 2517 1135 2573 70

249 2590 319 2651 dum
341 2589 423 2650 sedet
444 2596 473 2649 et
493 2587 595 2667 gracili
615 2588 753 2651 fiscellam
769 2592 839 2652 texit
852 2590 975 2659 hibisco,

248 2673 395 2735 Pierides:
417 2689 468 2732 vos
489 2672 563 2733 haec
584 2671 694 2734 facietis
715 2675 841 2735 maxima
863 2673 955 2742 Gallo,

254 2755 350 2826 Gallo,
375 2757 456 2817 cuius
478 2772 561 2816 amor
582 2762 695 2818 tantum
716 2758 788 2818 mihi
811 2758 917 2818 erasm
937 2758 968 2816 in
990 2757 1092 2828 horas,

252 2845 394 2919 quantum
415 2856 484 2900 vere
505 2856 580 2899 noro
602 2840 701 2900 viridis
723 2858 755 2901 se
776 2840 882 2902 subicit
903 2838 995 2901 alnus.

255 2940 417 3002 surgamus.
455 2920 528 2983 solet
550 2940 614 2983 esse
636 2924 731 3002 gravis
754 2923 936 2985 cantantibus
957 2923 1077 2994 umbra,
1100 2935 1135 2990 75

249 3007 375 3087 iuniperi
396 3007 491 3086 gravis
512 3005 631 3076 umbra,
661 3014 768 3067 nocent
790 3013 818 3067 et
840 3006 974 3086 frugibus
995 3007 1126 3070 umbrae

250 3091 289 3152 ite
312 3090 432 3154 domum
454 3097 581 3160 saturae,
603 3090 682 3150 venit
702 3088 865 3168 Hesperus,
887 3093 927 3152 ite
949 3089 1091 3170 capellae.
