2512 4096
527 239 741 287 CATALEGTA.

620 461 668 522 Xl.

127 562 221 624 Pauca
244 561 331 631 mibi,
355 562 440 621 niveo
463 559 514 621 sed
537 578 597 620 non
618 561 768 638 incognita
790 560 918 630 Phoebo.

168 663 261 725 pauca
283 645 355 705 mihi
379 645 481 705 doctae
504 643 592 703 dicite
613 643 779 722 Pegasides.

126 731 219 790 victor
241 727 336 798 adest,
359 730 459 806 magni
480 743 621 804 magnum
644 727 732 787 decus
755 743 823 787 ecoe
845 728 996 807 triumphi,

168 813 261 871 victor
283 829 339 890 qua
361 817 440 871 terra
463 829 578 890 quaque
600 817 701 889 patent
721 810 823 880 maria,

125 895 248 955 horrida
270 893 442 955 barbaricae
463 901 585 972 portans
606 895 731 971 insignia
753 910 877 971 pugnae,

168 995 292 1056 magnus
313 985 346 1038 ut
368 977 495 1040 Oenides
517 984 607 1056 utque
629 976 774 1056 superbus
794 976 881 1056 Eryx,

125 1079 181 1121 nec
202 1063 299 1121 minus
320 1061 430 1122 idcirco
453 1068 570 1122 nostros
592 1077 767 1139 expromere
789 1069 891 1120 cantus

168 1145 311 1205 maximus
334 1152 363 1204 et
384 1151 501 1205 sanctos
523 1144 630 1222 dignus
650 1145 727 1204 inire
750 1143 867 1205 choree.

126 1227 182 1287 hoc
204 1229 302 1306 itaque
323 1229 446 1288 insuetis
467 1229 561 1287 iactor
582 1228 690 1306 magis,
714 1229 838 1306 optime,
863 1227 948 1294 curis.

169 1310 238 1389 quid
261 1311 296 1372 de
319 1318 348 1372 te
370 1312 480 1390 possim
504 1311 636 1372 scribere
657 1310 762 1390 quidve
784 1309 846 1370 tibi.

125 1411 252 1472 namque
275 1394 399 1474 (fatebor
421 1394 509 1475 enim)
533 1411 608 1472 quae
629 1395 756 1454 maxima
779 1393 947 1454 deterrendi

167 1475 281 1548 debuit,
304 1478 442 1539 hortandi
463 1479 589 1538 maxima
612 1495 698 1538 causa
721 1477 783 1538 suit.

123 1577 216 1638 pauca
238 1567 288 1620 tua
308 1563 340 1620 in
362 1570 477 1622 nostras
499 1568 642 1623 venerunt
663 1562 792 1621 carmina
815 1561 939 1629 chartas,

167 1645 298 1703 carmina
321 1662 387 1704 cum
408 1644 524 1722 lingua,
547 1652 609 1705 tum
631 1643 692 1705 sale
714 1645 866 1722 Cecropio,

124 1728 269 1796 carmina,
293 1745 368 1806 quae
389 1727 518 1806 Pylium,
541 1728 645 1788 saeclis
667 1734 786 1806 accepta
808 1725 923 1798 tuturis,

165 1811 308 1881 carmina,
333 1829 407 1890 quae
428 1811 542 1889 Pylium
564 1812 682 1871 vincere
705 1811 792 1889 digna
814 1827 927 1871 senem.

122 1891 250 1953 molliter
272 1894 320 1953 bic
342 1895 427 1954 viridi
448 1893 565 1974 patulae
587 1892 641 1955 sub
663 1896 793 1972 tegmine
815 1911 941 1971 quercus

164 1975 271 2036 Moeris
292 1985 426 2055 pastores
448 1984 477 2038 ct
498 1975 660 2037 Meliboeus
681 1983 774 2046 erant,

123 2058 219 2118 dulcia
240 2060 382 2118 iactantes
404 2058 518 2120 alterno
541 2061 670 2120 carmina
692 2077 787 2128 versu,

165 2139 260 2219 qualia
282 2141 452 2202 Trinacriae
475 2143 578 2202 doctus
600 2148 676 2201 amat
697 2142 819 2203 iuvenis.

122 2225 257 2284 certatim
279 2223 425 2285 ornabant
446 2242 549 2285 omnes
570 2224 692 2286 heroida
714 2225 782 2297 divi,

165 2308 298 2368 certatim
321 2308 404 2370 divae
425 2326 550 2369 munere
572 2326 704 2387 quaeque
726 2326 788 2368 suo.

122 2388 237 2450 felicem
260 2397 328 2452 ante
351 2390 421 2451 alias
442 2398 524 2451 tanto
546 2393 689 2470 scriptore
709 2390 852 2470 puellam!

164 2472 255 2533 altera
277 2491 337 2534 non
359 2474 437 2535 sama
460 2474 565 2535 dixerit
587 2493 651 2535 esse
671 2478 768 2554 prior:

122 2573 182 2616 non
203 2555 268 2634 illa,
290 2557 484 2637 Hesperidum
508 2560 539 2618 ni
559 2576 683 2619 munere
705 2566 789 2638 capto
811 2560 913 2621 luisset

164 2657 238 2718 quae
259 2639 408 2701 volucrem
431 2659 518 2703 cursu
540 2644 650 2702 vicerat
670 2641 884 2721 Hippomenen,

122 2722 246 2783 candida
268 2740 377 2802 cycneo
400 2741 460 2784 non
483 2726 560 2786 edita
582 2725 726 2804 Tyndaris
748 2745 810 2797 oro,

162 2823 222 2866 non
244 2825 352 2885 supero
375 2807 490 2886 fulgens
512 2810 666 2887 Cassiopea
688 2809 764 2888 polo,

121 2906 180 2948 non
204 2889 323 2948 deiensa
346 2890 395 2948 diu
416 2890 567 2952 volucrum
591 2894 751 2951 certamine
773 2910 924 2970 equorum,

163 2969 304 3049 optabant
326 2971 430 3032 Graiae
453 2992 539 3051 quam
561 2974 617 3034 sibi
639 2983 771 3052 quaeque
794 2992 906 3045 manus,

121 3072 209 3133 saepe
231 3055 358 3116 animam
381 3058 484 3132 generi
498 3074 552 3134 pro
575 3075 631 3135 qua
653 3062 738 3135 pater
759 3058 867 3134 impius
888 3059 994 3128 hausit,

162 3155 249 3216 saepe
271 3137 362 3198 rubro
384 3137 462 3199 Eleis
484 3142 625 3217 sanguine
647 3140 730 3201 fluxit
751 3140 872 3211 humum

121 3222 201 3298 regia
224 3238 283 3281 non
306 3221 436 3293 Semele,
460 3240 518 3284 non
541 3224 657 3285 Inachis
678 3224 838 3296 derisione,

162 3306 269 3365 inmitti
292 3317 431 3385 expertae
453 3306 575 3368 fulmine
599 3315 628 3367 et
649 3306 744 3367 imbre
766 3308 880 3378 lovem;

121 3406 180 3449 non
203 3389 286 3449 cuius
307 3389 345 3450 cb
367 3397 483 3468 raptum
505 3391 583 3471 pulsi
604 3390 717 3470 liquere
739 3399 860 3471 penates

162 3471 315 3552 Tarquinii
335 3475 460 3552 patrios,
483 3475 559 3536 filius
581 3482 668 3554 atque
689 3483 782 3554 pater,
