2512 4096
163 263 224 325 234
497 269 641 319 venerer
658 269 782 318 nnuma
800 270 849 316 vu

163 436 213 491 aut
233 427 304 506 leyis
319 444 422 487 ocreas
443 426 524 487 lento
542 425 653 485 ducunt
671 431 809 500 argentm

164 512 290 573 vomeris
312 511 371 571 huc
393 516 423 570 et
443 509 528 569 lalcis
548 508 653 576 honos,
676 508 736 568 huc
758 508 853 567 omnis
875 508 965 566 aratri
1131 514 1184 565 des

163 595 249 656 cessit
268 611 367 662 amor3
389 599 555 671 recoquunt
573 592 684 670 patrios
707 589 877 652 fornacibus
897 607 990 652 enses.

162 677 282 739 classica
304 680 423 756 iamque
444 684 564 752 sonant3
587 678 612 736 it
629 673 707 736 bello
729 681 841 736 tessera
862 676 988 752 signum.
1132 681 1183 733 637

162 761 275 843 '[pars
293 761 384 840 pedes
405 762 449 822 ire
471 768 555 838 parat
576 760 696 838 campis,
718 776 788 837 pars
809 758 920 819 arduus
939 757 1001 817 altis
1132 765 1183 814 624

161 846 381 923 pulverulentus
403 845 487 922 equis
505 844 591 911 lurit;
613 858 716 903 omnes
739 859 819 902 arms
842 841 1005 919 requirunt.

160 948 230 1009 pars
251 929 322 990 levis
345 928 455 1006 clipeos
478 935 508 988 et
530 925 643 1006 spicula
665 924 762 986 lucida
783 931 901 1002 tergent

159 1015 260 1074 arrlna
282 1015 384 1090 pingui
406 1011 605 1089 subiguntque
625 1011 656 1068 in
679 1016 745 1069 cote
761 1005 913 1088 securem]
1126 1018 1176 1069 ost

158 1097 207 1158 hic
231 1096 345 1175 galeam
366 1099 452 1158 tectis
473 1098 607 1176 trepidus
627 1098 713 1175 rapit,
736 1095 785 1158 illo
806 1096 958 1158 frementis
1125 1103 1180 1154 668

158 1182 195 1242 ad
215 1183 283 1259 iuga
303 1182 492 1260 eogitequos
515 1180 702 1259 clipeumque
724 1198 857 1259 auroque
878 1180 1004 1240 trilicem

159 1263 280 1326 loricam
302 1264 434 1327 induitur
454 1265 574 1344 fidoque
591 1265 753 1342 accingitur
774 1281 853 1326 ense.
1126 1269 1181 1321 646

200 1349 324 1410 Pandite
345 1367 424 1410 nunc
445 1349 594 1418 Helicona,
618 1349 699 1418 deae,
722 1357 883 1426 cantusque
905 1354 1026 1416 movete,

159 1433 210 1510 qui
232 1431 309 1492 bello
332 1433 420 1494 exciti
441 1449 537 1510 reges,
560 1451 635 1512 quae
656 1450 804 1511 quemque
826 1439 944 1494 secutae

158 1515 335 1592 complerint
356 1534 477 1596 campos
499 1519 586 1585 acies,
609 1516 717 1594 quibus
735 1515 806 1576 ltsla
828 1518 887 1576 iam
910 1524 972 1577 tum

157 1597 290 1660 lloruerit
312 1606 392 1660 terra
414 1597 490 1660 alma
512 1601 590 1670 viris,
616 1599 724 1677 quibus
745 1602 851 1660 arserit
872 1601 971 1660 armis.

157 1689 187 1744 et
207 1683 380 1744 meministis
399 1684 486 1752 enlm,
510 1683 602 1753 brae,
626 1690 655 1742 et
673 1699 841 1744 memorare
860 1685 997 1759 potestis:
1125 1689 1179 1739 646

158 1767 195 1826 ad
217 1783 271 1827 nos
294 1765 342 1826 vix
362 1767 459 1827 tenuis
480 1766 576 1827 lamae
595 1762 757 1843 perlabitur
780 1782 861 1826 eura.

199 1850 316 1911 Primus
337 1851 392 1910 init
412 1848 521 1911 bellem
540 1849 700 1929 Tyrrhenis
721 1866 808 1926 asper
830 1847 868 1910 ab
888 1852 949 1909 cris

159 1941 344 2012 contemptor
364 1934 462 1994 divom
484 1933 644 1994 Mezentius
667 1933 841 2011 agminaque
868 1941 970 1993 armat.

157 2016 234 2081 lilius
256 2019 327 2080 huic
347 2020 427 2079 iuxta
450 2018 571 2086 Lausus,
594 2035 654 2096 quo
678 2015 830 2095 pulchrior
854 2016 927 2078 alter

160 2119 218 2165 non
240 2101 295 2163 luit
314 2108 438 2180 excepto
460 2102 614 2163 Laurentis
636 2118 762 2178 corpore
783 2100 885 2170 Turni,
1126 2107 1179 2157 666

159 2185 279 2255 Lausus,
304 2204 389 2247 ecum
413 2185 542 2246 domitor
562 2183 784 2263 debellatorque
806 2185 947 2255 ferarum,

158 2269 238 2330 ducit
258 2269 388 2348 Agyllina
411 2271 591 2348 nequiquam
611 2287 645 2330 ex
665 2267 741 2329 urbe
759 2275 876 2331 secutos

160 2351 240 2413 mille
262 2354 348 2424 viros,
372 2353 488 2430 dignus,
506 2354 612 2432 patriis
632 2354 682 2430 qui
703 2351 808 2414 laetior
829 2362 907 2415 esset

158 2437 289 2514 imperiis
312 2444 340 2497 et
362 2437 409 2496 cui
431 2443 516 2516 pater
538 2437 609 2496 haut
630 2434 791 2498 Mezentius
812 2443 897 2498 esset.

199 2519 270 2579 Post
291 2519 345 2580 hos
364 2521 507 2596 insignem
527 2518 623 2597 palma
636 2530 697 2597 ¹per
718 2521 851 2595 gramine
870 2537 991 2581 currum
1124 2526 1177 2578 666

158 2604 344 2681 victoresque
368 2610 494 2664 ostentat
518 2620 609 2682 eques
631 2609 711 2664 satus
731 2603 859 2665 Hercule
879 2603 1005 2682 pulchro

158 2686 282 2765 pulcher
302 2688 470 2754 Aventinus,
494 2686 648 2765 clipeoque
670 2687 784 2766 insigne
802 2679 956 2766 paternum

159 2779 277 2831 eentum
300 2787 410 2848 angues
433 2771 618 2847 cinctamque
636 2772 711 2849 gerit
731 2770 917 2849 serpentibus
940 2771 1081 2849 hydram:

159 2853 241 2914 collis
263 2855 395 2914 Auentini
418 2853 488 2914 silua
512 2873 599 2934 quem
617 2853 699 2917 Rhea
721 2854 861 2915 sacerdos

160 2938 298 2998 furtivum
321 2945 407 3015 partu
429 2937 483 2999 sub
506 2937 624 3000 luminis
647 2939 737 3001 edidit
757 2956 833 3010 oras,
1124 2944 1177 2996 666

157 3023 247 3082 mixta
271 3021 326 3082 deo
348 3021 463 3093 mulier,
486 3030 641 3102 postquam
662 3022 819 3084 Laurentia
840 3025 932 3083 victor

159 3105 296 3184 Geryone
316 3107 444 3167 extincto
466 3107 636 3186 Tirynthius
658 3109 753 3185 attigit
774 3124 842 3167 arva

158 3188 371 3270 Tyrrhenoque
392 3189 482 3252 hoves
504 3191 533 3249 in
556 3189 676 3251 llumine
697 3190 767 3251 larit
790 3189 923 3250 Hiberas.

470 3296 489 3332 ll
664 3293 684 3329 fl
858 3296 878 3332 li

158 3357 216 3437 pila
236 3375 324 3418 manu
345 3374 505 3435 saevosque
529 3360 635 3433 gerunt
655 3357 687 3416 ln
709 3353 785 3416 bella
807 3355 928 3418 dolones

159 3450 187 3504 et
210 3444 295 3503 tereti
315 3447 448 3520 pugnant
470 3455 612 3499 mucrone
634 3456 764 3518 veruque
786 3439 910 3502 Sabello.
1123 3447 1175 3501 666

158 3528 220 3604 ipse
238 3525 339 3603 pedes,
357 3526 486 3600 tegimen
506 3530 649 3600 torquens
670 3523 798 3585 immane
819 3524 921 3593 leurdo,
