2512 4096
119 275 223 327 xxnu
432 272 480 319 DE
502 273 584 320 VITA
606 269 651 319 ET
673 271 826 320 scaffnis

125 450 204 507 qnam
219 449 279 488 cnm
296 432 359 488 clim
374 433 402 488 in
417 431 516 488 unnall.
538 430 643 503 pbiloll.
659 429 748 483 LXXV
762 445 790 501 p.
807 427 846 486 65
862 445 925 501 sqq.
942 429 1131 494 enarraverlm

123 517 166 572 bic
181 517 266 590 signis
282 514 314 570 ad
330 523 432 570 textum
448 514 577 589 adpositis
592 505 743 584 indicavi¹).

205 598 269 654 lude
284 597 442 655 Maecenatis
458 614 540 653 suasu
555 606 585 652 ut
605 596 774 652 desertorum
795 611 845 667 per
864 593 934 650 bella
949 595 1038 651 civilia
1053 611 1132 668 agro·
1171 592 1172 602 ’

121 698 181 738 rum
196 681 348 737 italicorum
363 681 496 737 culturam
515 697 585 736 novo
601 678 691 735 studio
706 678 880 735 resuscitaret
900 679 1072 752 georgica
1093 678 1132 733 vel

122 772 225 839 septem
240 765 282 820 vel
298 781 394 820 novem
409 766 485 820 annis
500 765 609 836 scripsit
623 754 870 834 emendavitqna²):
891 769 920 816 et
934 762 1059 817 recitavit
1074 777 1133 834 per·

122 849 222 905 lectum
243 864 312 921 opus
339 863 388 920 per
416 848 573 903 continuum
593 845 771 919 quadriduum
796 859 905 901 reverso
926 859 961 900 ex
981 845 1046 900 baia
1069 855 1133 918 post

122 934 254 988 Actiacam
280 931 417 987 victoriam
444 938 525 1004 atque
552 929 655 985 Atellae
680 926 883 985 reficiendarum
909 926 1028 984 lancium
1054 943 1132 985 cansa

123 1015 299 1072 commoranti
313 1011 418 1069 Caesari
432 1022 574 1087 praesente
588 1013 752 1075 Maecenate,
775 1013 821 1084 qul
835 1010 944 1085 legendi
960 1011 1033 1067 vices
1048 1013 1133 1066 susu-

122 1106 213 1173 peret.
242 1103 343 1153 aestate
364 1097 426 1152 anni
448 1095 508 1154 725
530 1104 591 1152 aute
619 1095 784 1169 triumphum
804 1109 896 1150 mense
915 1092 1012 1150 Sextili
1032 1093 1132 1150 Rornae

123 1191 221 1244 actum,
238 1181 450 1236 nrtncobavtsse
464 1195 533 1236 anno
550 1179 610 1236 716
626 1178 668 1234 vel
684 1178 744 1235 717
760 1171 920 1248 videatnr3).
951 1177 1027 1250 quod
1045 1185 1132 1233 tamen

122 1264 265 1321 interiecto
286 1265 395 1338 propria
409 1279 490 1319 manu
504 1261 628 1319 Cornelio
644 1261 720 1317 Gallo
741 1277 811 1317 anno
828 1259 888 1318 728
909 1262 947 1315 ita
967 1263 1131 1322 retractavit.

125 1357 154 1402 nt
174 1350 202 1402 ia
224 1349 312 1420 quarti
333 1347 393 1402 libri
413 1355 490 1420 parte
511 1346 593 1401 altera
615 1361 665 1419 pro
686 1344 809 1400 laudibus
830 1344 906 1399 amici
927 1344 991 1400 clim
1006 1347 1132 1418 Aegypto

124 1429 265 1503 praelecti,
288 1431 363 1485 cuins
378 1431 538 1486 auctoritate
553 1429 667 1484 Aristaei
687 1429 826 1484 inventurn
841 1426 1005 1489 firmaverat,
1029 1427 1129 1501 Orphei

124 1512 242 1569 fabulam
256 1508 426 1585 insereret4).
463 1529 514 1568 nee
528 1513 627 1568 desunt
647 1510 697 1566 alia
711 1511 889 1567 secundarum
910 1526 1036 1567 curarum
1051 1512 1132 1566 vesti·

124 1598 181 1670 pia,
208 1611 367 1668 quamquam
391 1597 479 1668 ipsum
498 1605 636 1652 auctorem
664 1597 763 1650 iterum
789 1595 917 1669 georgica
942 1593 1061 1650 edidisse
1082 1609 1134 1649 nec

193 1722 212 1786 ¹)
232 1722 392 1788 Corrupisse
419 1737 479 1772 meo
507 1724 616 1786 quidem
643 1738 725 1774 sensu
751 1724 839 1788 magis
865 1737 947 1787 quam
974 1722 1132 1773 restituisse

126 1795 214 1841 artem
225 1790 413 1852 Vergilianum
427 1789 535 1839 ridetur
553 1791 599 1854 qui
615 1805 702 1855 nuper
721 1791 753 1840 de
767 1791 921 1852 eclogarum
934 1790 1134 1854 compositione

128 1859 157 1908 in
179 1856 281 1906 annali.
304 1856 408 1920 philoll.
434 1857 499 1906 1866
521 1872 546 1920 p.
566 1859 616 1908 att
633 1872 692 1921 sqq.
712 1856 843 1907 disseruit
864 1858 896 1906 R.
914 1856 1023 1920 Peiper.
1063 1871 1133 1920 quae

127 1929 220 1974 autem
236 1925 265 1973 in
283 1924 353 1974 libro
372 1923 422 1973 ‘de
441 1928 584 1987 poetarum
601 1924 767 1976 Graecorum
784 1922 969 1974 bucolicorum
984 1946 1020 1958 -
1037 1922 1134 1972 carmi-

124 1991 204 2041 nibus
227 1991 257 2040 in
274 1991 379 2054 eclogia
397 2007 414 2040 a
431 1991 555 2054 Vergilio
577 1991 731 2055 expressie'
755 1996 851 2040 contra
869 2005 911 2040 me
935 1989 1133 2054 disputaverat

128 2058 205 2108 Gust.
228 2057 278 2109 Ad.
303 2058 431 2109 Gebauer
452 2059 508 2106 iam
529 2059 674 2107 maximum
701 2064 807 2122 partam
830 2057 884 2107 sibi
905 2057 960 2121 ipsi
982 2055 1133 2120 displicere

128 2129 192 2173 ante
211 2124 316 2188 aliquot
334 2139 420 2175 annos
439 2125 540 2174 litteris
559 2125 625 2174 mihi
643 2124 818 2188 significavit.

192 2188 217 2251 Ξ)1
231 2192 304 2240 ‘item
319 2195 454 2255 proposuit
470 2191 609 2242 Maecenas
624 2194 758 2256 peorpica,
777 2207 841 2256 qaae
858 2191 962 2253 scripsit
978 2191 1132 2240 emendavit·

127 2271 174 2320 que
191 2263 287 2318 septem
304 2261 391 2306 annis’
411 2257 467 2322 (VI
479 2262 518 2308 vei
533 2259 591 2308 VII
603 2261 676 2308 annis
693 2260 774 2308 Bern.
793 2259 958 2323 quadriennio
977 2255 1133 2318 Guelferb.)

126 2321 238 2372 Servius
250 2323 278 2369 in
290 2323 349 2371 vita
362 2339 387 2386 p.
401 2328 424 2372 1.
442 2324 683 2374 ‘bucolicatriennio
694 2323 804 2389 (biennio
816 2324 919 2389 Saum),
930 2325 1053 2388 peorpica
1065 2323 1134 2385 VII,

125 2388 244 2438 Aeneida
261 2387 305 2435 XI
319 2391 432 2451 perfecit
450 2392 537 2439 annis’
555 2393 682 2441 Donatus
699 2406 724 2455 p.
742 2394 775 2442 60
791 2393 825 2441 R.
843 2393 977 2455 ‘peorpica
999 2391 1134 2454 septennia

126 2456 242 2517 scripsit,
258 2457 379 2518 peorpica
397 2456 536 2506 Maecenas
550 2459 702 2520 postataait’
719 2458 836 2508 Iunilius
853 2459 883 2507 in
902 2456 985 2509 schol.
1000 2457 1084 2507 Beru.
1098 2455 1134 2506 ad

126 2536 169 2586 ge.
187 2521 201 2569 1
219 2523 243 2569 1.
262 2524 338 2583 ‘post
353 2521 432 2571 baec’
455 2522 601 2586 (bucolica)
625 2526 709 2573 ‘raris
728 2532 871 2589 praecepta
892 2525 992 2575 colendi
1009 2522 1135 2584 Quattuor

127 2589 248 2650 esposuit
265 2587 351 2636 tibris:
369 2604 399 2637 en
412 2591 539 2638 commoda
550 2597 636 2640 terrae
648 2592 758 2642 Educait
767 2594 871 2658 penninis
883 2606 949 2641 arina
960 2590 1040 2640 minace
1053 2592 1135 2640 omnia

124 2656 226 2704 tmntr’
246 2653 353 2704 Phocas
370 2670 396 2706 v.
415 2657 447 2706 96
460 2670 518 2720 sqq.
539 2657 574 2705 cf.
593 2658 716 2722 prolegg.
735 2661 766 2710 13
779 2674 819 2723 sq.

195 2720 217 2786 ⁸)
236 2722 371 2784 ‘pearpicn
399 2737 502 2772 reuerso
525 2731 586 2787 post
607 2725 739 2776 Actiacam
764 2727 893 2777 uictoriam
915 2725 1032 2788 Aupasto
1058 2732 1135 2788 atque

115 2789 230 2845 ‚Atellae
248 2789 440 2850 reficiendarum
454 2790 566 2853 saucium
582 2807 660 2840 causa
677 2795 839 2842 commoranti
855 2808 903 2856 per
920 2793 1062 2841 continuum
1074 2806 1136 2856 qua·

127 2855 243 2902 dridunm
265 2855 325 2916 tepit
346 2857 499 2918 suscipiente
522 2856 676 2907 Maecenate
699 2861 799 2924 lependi
819 2861 895 2908 uicem
917 2860 1032 2922 quotiens
1053 2860 1134 2906 inter·

124 2921 267 2984 pelleretur
288 2923 343 2983 ipse
365 2925 432 2971 cacis
454 2923 607 2986 offensione'
631 2926 757 2975 Donatus
775 2941 801 2991 p.
819 2929 851 2975 61
869 2927 901 2976 R.
922 2924 986 2975 vido
1009 2923 1134 2988 prolegg.

126 3001 153 3133 p:
172 2988 302 3117 l{silffiait
313 3057 410 3133 autem’
430 3054 550 3121 (Gallus)
568 3060 678 3108 ‘anticus
694 3061 797 3123 Virpitii
807 3061 885 3118 adeo,
903 3066 929 3108 ut
942 3063 1047 3123 quartae
1057 3072 1133 3120 peor-

125 3135 237 3183 pacorum
255 3137 271 3169 a
288 3122 368 3170 medio
391 3138 469 3188 usqne
491 3124 526 3172 ad
543 3126 618 3186 finem
635 3127 689 3175 eius
710 3128 800 3177 laudea
824 3133 934 3186 teneret,
957 3139 1020 3189 quas
1041 3132 1135 3187 postca

128 3188 227 3237 iubente
238 3186 353 3250 Anpusto
366 3191 393 3237 in
404 3191 521 3239 Aristaei
530 3192 640 3252 fabulam
652 3198 820 3244 commutaait’
834 3193 946 3243 Servius
958 3191 993 3240 ad
1004 3191 1056 3240 ecl.
1069 3192 1096 3242 X
1109 3193 1133 3240 1.

127 3257 205 3303 ‘sane
228 3255 354 3303 sciendum
375 3263 402 3305 at
423 3272 504 3320 supra
527 3258 636 3309 dirimas
657 3261 765 3310 nltimam
784 3260 977 3326 portendatur
998 3258 1059 3306 iibri
1075 3273 1133 3307 esse

127 3328 252 3372 natatem.
287 3337 343 3370 nam
359 3323 448 3372 laudes
467 3324 534 3372 Galli
549 3326 635 3376 babuit
651 3331 719 3378 locus
736 3329 790 3391 tile,
809 3329 852 3394 qai
869 3341 933 3376 nunc
951 3323 1060 3388 Orpbei’
1081 3322 1133 3390 (sic

126 3387 191 3438 Vat.
209 3388 309 3439 Aristei
326 3395 351 3437 et
370 3388 442 3453 Orsei
458 3391 520 3440 Par.
539 3393 655 3444 Aristaei
673 3394 768 3458 Orpbei
779 3397 858 3447 Voss.
878 3402 906 3442 et
923 3388 1016 3453 Barb.)
1036 3392 1133 3442 ‘conti-

128 3460 170 3504 net
184 3455 308 3518 [mutam.
327 3471 392 3519 quae
409 3459 507 3506 inserta
524 3465 575 3519 eat,
590 3470 724 3527 postquam
743 3464 810 3511 irato
827 3461 942 3525 Aaprtrto
960 3458 1048 3508 Gallus
1064 3457 1133 3509 acci·

127 3536 170 3571 sus
187 3525 240 3571 est'
257 3521 330 3571 idem
348 3522 383 3572 sd
401 3539 443 3590 ge.
461 3526 500 3577 IV
519 3526 542 3578 l.
561 3530 596 3581 cf.
615 3529 738 3595 prolegg.
756 3530 788 3578 12
807 3543 847 3592 sq.
