2512 4096
397 287 540 337 runem
560 285 685 337 nnuma
706 287 733 335 11
970 302 977 314 ·
1012 269 1069 333 121

58 444 195 517 atridis,
223 453 314 524 ‘quae
335 461 419 505 mens
440 448 500 504 tam
521 443 600 513 dira,
621 441 784 503 miserrime
806 441 941 510 coniunx,

56 527 172 607 impulit
193 528 239 590 his
261 527 339 607 cingi
360 525 443 588 telisl
472 533 523 588 aut
542 544 601 606 quo
622 523 716 586 ruisl'
740 526 843 604 inquit
1024 533 1075 588 ebo

58 621 133 673 ‘non
154 611 205 674 tali
225 609 331 674 anxilio
351 627 408 673 nec
429 608 633 673 defensoribus
650 609 712 671 istis

57 703 173 775 tempus
196 702 276 776 eget,
295 712 372 766 non,
392 696 417 756 si
438 695 502 774 ipse
519 712 603 756 meus
622 711 703 754 nunc
721 692 836 754 adforet
854 690 972 754 Hector.

57 779 117 842 huc
138 779 258 844 tandem
280 777 425 848 concede;
447 777 521 840 haec
541 797 592 840 ara
612 777 742 839 tuebitur
763 775 874 845 oman,

57 868 108 925 eut
126 864 256 925 moriere
277 859 388 924 simul!
432 863 475 924 sic
497 880 550 926 ore
568 863 653 924 effata
673 862 784 940 recepit

57 947 96 1008 ad
113 964 178 1009 sese
200 953 229 1009 et
248 963 332 1008 saera
353 946 526 1023 longaevum
545 948 576 1008 in
596 946 666 1008 sede
686 944 801 1008 locarit.
937 940 945 957 ‘
1023 951 1075 1007 525

100 1030 177 1093 licre
197 1038 295 1094 autem
316 1029 434 1110 elapsus
453 1030 559 1111 Pyrrhi
580 1031 617 1093 de
639 1030 729 1093 caede
749 1029 872 1098 Polites,

57 1131 133 1177 nnus
150 1121 286 1177 natorum
309 1114 432 1185 Priami,
453 1132 508 1193 per
528 1113 600 1185 tela,
619 1132 674 1194 per
691 1114 784 1176 hostis

40 1199 220 1278 porticibus
239 1197 334 1276 longis
351 1197 426 1276 fugit
444 1204 472 1260 et
489 1216 581 1260 vacua
599 1199 673 1260 atria
692 1197 797 1259 lustrn

57 1284 183 1345 saucius.
228 1280 310 1344 illum
332 1281 439 1342 ardens
459 1282 564 1343 infesto
586 1281 705 1344 volnere
725 1280 856 1361 Pyrrhus

58 1367 239 1446 insequitur,
262 1367 320 1427 iam
342 1366 458 1444 iamque
480 1372 669 1428 manutenet
689 1372 718 1427 el
737 1365 845 1444 premit
865 1362 958 1424 hasta.
1023 1370 1076 1426 5³⁰

57 1455 92 1512 ut
111 1451 230 1513 tandem
253 1456 321 1513 ante
343 1448 445 1511 oculos
465 1450 554 1511 evasit
573 1455 602 1512 et
626 1468 679 1511 ora
700 1455 871 1528 parentum.

60 1534 188 1597 concidit
209 1552 245 1597 ac
264 1533 357 1597 multo
379 1535 466 1595 vitam
484 1551 552 1596 cum
568 1536 710 1612 sanguine
732 1533 815 1595 fudit

58 1617 107 1680 hic
127 1618 276 1691 Priamus,
296 1635 473 1699 quamquam
495 1619 526 1678 in
546 1617 642 1680 media
661 1619 720 1680 iam
746 1626 842 1680 morte
863 1622 994 1686 tenetur,

59 1718 119 1763 non
139 1708 237 1765 tamen
258 1702 412 1774 abstinuit,
431 1720 488 1764 nec
507 1702 572 1763 roci
592 1703 713 1782 iraeque
730 1702 871 1786 pepercit

60 1792 107 1846 ‘at
126 1786 178 1847 tibi
198 1803 254 1865 pro
274 1784 399 1849 scelere'
422 1784 585 1856 exclamat,
608 1796 677 1865 ‘pro
699 1785 806 1847 talibus
826 1787 903 1847 ausis
1022 1791 1074 1849 535

60 1867 104 1939 di,
125 1870 209 1948 siqua
225 1875 269 1930 est
290 1869 370 1931 caelo
392 1870 500 1948 pietas,
521 1887 597 1949 quae
616 1869 685 1930 talia
706 1877 802 1938 curet,

60 1950 227 2030 persolvant
249 1961 346 2030 grates
368 1953 471 2033 dignas
492 1960 522 2014 et
540 1954 671 2031 praemia
690 1951 817 2013 reddent

60 2033 171 2106 debita,
193 2036 243 2114 qui
263 2039 324 2098 nati
343 2055 443 2099 eoram
464 2054 513 2099 me
534 2053 658 2097 cernere
677 2035 769 2095 letum

59 2117 153 2180 iecisti
174 2126 204 2181 et
224 2122 336 2200 patrios
354 2119 477 2181 foedasti
496 2119 601 2180 funere
620 2117 725 2177 voltus.

59 2207 89 2262 at
109 2219 168 2263 non
187 2201 251 2274 ille,
274 2210 371 2263 satum
392 2220 450 2279 quo
471 2208 500 2262 te
520 2200 667 2269 mentiris,
689 2197 815 2261 Achilles
1022 2209 1074 2264 sco

57 2285 123 2346 talis
139 2287 176 2362 in·
191 2286 277 2346 hoste
292 2285 347 2345 brit
365 2285 497 2353 Priamo;
517 2283 570 2344 sed
590 2283 655 2344 iura
676 2283 823 2362 iidemque

57 2367 197 2446 supplicis
218 2367 351 2438 erubuit,
369 2384 536 2446 corpusque
558 2383 690 2446 exangue
707 2366 865 2446 sepulchro

57 2449 185 2512 reddidit
205 2451 399 2523 Hectoreum,
419 2469 527 2530 meque
545 2451 576 2512 in
596 2469 663 2513 mea
683 2470 775 2531 regns
795 2451 915 2514 domuit.

57 2536 100 2597 sic
120 2534 196 2597 latus
214 2536 328 2606 senior,
349 2534 499 2614 telumque
519 2533 627 2598 inbelle
648 2537 711 2598 sine
731 2537 791 2598 ictu

58 2619 196 2693 coniecit,
217 2636 310 2682 rauco
331 2619 410 2700 quod
430 2619 564 2699 protinus
587 2637 656 2682 aere
676 2619 828 2700 repulsum
1022 2627 1073 2682 545
1095 2679 1097 2684 .

58 2720 95 2764 ec
112 2720 226 2765 summo
246 2703 331 2784 clipei
352 2705 529 2785 nequiquam
549 2703 680 2767 umbone
701 2703 847 2784 pependit

58 2787 106 2848 cui
126 2787 258 2867 Pyrrhus
279 2788 406 2852 ‘referes
428 2806 500 2867 ergo
523 2789 596 2851 baec
618 2796 647 2850 et
667 2790 786 2850 nuntius
804 2787 861 2848 ibis

57 2869 176 2932 Pelidae
197 2872 333 2948 genitori,
364 2871 407 2932 illi
428 2890 493 2933 mea
513 2873 607 2934 tristia
627 2872 703 2934 faeta

57 2953 294 3033 degeneremque
314 2952 540 3032 Neoptolemum
558 2973 681 3016 narrare
699 2961 861 3016 memento:

57 3055 137 3100 nunc
161 3035 303 3100 morere.⁸
338 3036 398 3098 hoc
419 3038 519 3099 dicens
541 3035 643 3098 altaria
664 3037 702 3098 ad
722 3039 785 3115 ipsa
802 3044 976 3100 trementem
1020 3049 1073 3102 550

56 3122 145 3183 traxit
166 3123 247 3184 etin
268 3120 360 3183 multo
382 3121 544 3202 lapsantem
565 3122 706 3200 sanguina
724 3121 793 3191 nati,

57 3205 247 3287 inplicuitque
268 3225 352 3269 coma
372 3204 499 3276 laevam,
520 3206 681 3285 dextraque
700 3221 857 3266 coruscum

58 3288 160 3351 extulit
181 3308 216 3352 ac
239 3289 323 3353 lateri
345 3289 558 3370 capulotenus
580 3288 690 3351 abdidit
710 3306 819 3351 ensem.
847 3330 848 3334 =

58 3372 132 3432 haec
153 3373 219 3433 finis
237 3373 360 3446 Priami,
382 3376 510 3437 latorum
531 3375 580 3436 bic
601 3376 694 3436 exitus
714 3372 797 3435 illum

57 3462 137 3517 sorte
159 3454 239 3526 tulit,
257 3456 377 3519 Troiam
397 3460 548 3521 incensam
569 3465 598 3520 et
618 3457 755 3537 prolapsa
776 3457 922 3520 videntem
1020 3467 1072 3520 bes

56 3538 215 3621 Pergama,
237 3547 282 3601 tot
300 3541 449 3622 quondam
469 3541 585 3623 populis
606 3544 752 3622 terrisque
772 3541 934 3619 superbum
