2504 4094
333 304 363 351 P.
379 302 523 350 vulteum
545 300 701 350 MARONIS
724 300 914 349 alunnum.
1021 302 1135 351 XXXIII

120 461 259 536 Ingenium
280 479 332 518 usu
353 461 489 518 cotidiano
516 460 592 517 facila
613 459 878 534 exsplendescereta
892 460 1077 524 tardissimus,
1105 470 1134 518 ut

120 546 250 609 diximus,
275 549 302 602 in
323 562 463 608 sermone,
489 544 583 601 tardus
603 546 632 600 in
650 543 817 601 elaborandis
840 561 950 618 quoqne
975 543 1134 601 carminibus

121 637 192 692 erat,
215 645 283 702 quae
298 647 378 686 ursae
393 646 468 686 more
489 644 519 684 se
538 644 633 702 parere
654 627 778 683 informia
799 635 827 682 et
846 627 987 685 lambendo
1007 627 1134 702 paulatim

125 711 258 786 effingere
273 706 452 784 dictitabat1).
483 713 532 768 hac
552 728 618 767 usus
633 710 842 768 consuetudine.
851 712 978 785 georgica
993 729 1054 769 cum
1069 715 1134 768 scri·

120 795 199 852 beret
224 796 358 853 ‘traditur
377 796 476 853 cotidie
496 796 638 851 meditatos
664 811 741 850 mane
766 793 897 868 plurimos
918 811 1012 851 versus
1033 794 1133 852 dictare

120 879 219 937 solitus
235 897 266 937 ac
284 897 334 953 per
348 888 437 936 totum
452 878 521 934 diem
539 877 707 934 retractando
723 877 756 933 ad
776 880 951 952 paucissimos
967 879 1092 953 redigere
1099 872 1132 951 ²).

206 962 351 1021 ‘Aeneida'
367 980 431 1020 vero
448 962 548 1036 ‘prosa
562 963 636 1037 prius
653 963 776 1018 oratioue
791 961 931 1019 formatam
946 963 1134 1038 digestamque

124 1048 152 1102 in
168 1045 215 1102 llll
230 1047 313 1103 libros
329 1047 508 1121 particulatim
525 1062 688 1119 componere
702 1047 823 1102 Instituit
837 1054 920 1120 prout
939 1046 1037 1103 liberet
1057 1046 1134 1120 quid·

124 1146 178 1200 que
194 1137 222 1186 et
237 1131 304 1187 nihil
320 1133 347 1186 in
364 1131 484 1187 ordinem
500 1132 638 1204 arripiens.
665 1146 696 1186 ac
710 1146 744 1186 na
759 1130 823 1203 quid
837 1131 968 1204 impetum
982 1137 1134 1186 moraretur

123 1213 253 1284 quaedam
265 1213 413 1286 inperfecta
428 1216 583 1277 transmisit,
599 1213 649 1270 alia
664 1213 805 1270 levissimis
816 1213 936 1270 versibus
949 1213 1032 1269 veluti
1047 1213 1132 1275 fulsit,

123 1396 207 1452 opus,
231 1378 318 1435 donec
333 1379 436 1435 solidae
459 1380 598 1437 columnae
613 1381 769 1437 advenirent
777 1373 822 1453 ³).'
858 1397 990 1455 quamque
1004 1381 1133 1436 immensa

124 1462 278 1519 studiorum
299 1465 324 1519 vi
347 1464 401 1520 hoc
421 1465 533 1520 maxime
551 1480 646 1536 poema
666 1465 828 1520 instructum
842 1466 878 1520 sit
899 1472 926 1521 et
946 1466 1004 1539 ipse
1019 1464 1132 1538 epistula

121 1563 204 1620 supra
219 1546 325 1603 laudata
339 1555 457 1604 testatur
471 1556 499 1604 et
512 1555 739 1604 commentatores
754 1550 856 1621 antiqui
871 1548 993 1605 demirati
1009 1556 1084 1604 sunt.

205 1629 336 1688 Recitavit
350 1631 487 1706 Vergilius
508 1648 562 1704 quo
584 1639 642 1686 erat
663 1630 741 1686 anImi
762 1632 867 1705 pudore
882 1633 999 1688 carmina
1013 1648 1061 1687 sua
1075 1632 1132 1705 ple·

120 1729 235 1788 rumque
245 1715 322 1771 vinter
336 1731 451 1789 paucos,
474 1731 535 1770 raro
550 1713 672 1787 pluribus
690 1714 736 1769 ‘et
750 1732 781 1771 ea
795 1715 867 1779 fere,
889 1715 923 1771 de
939 1715 1036 1789 quibus
1053 1714 1131 1771 ambi·

121 1796 215 1871 gebat,
245 1815 299 1871 quo
320 1800 404 1872 magis
426 1798 553 1855 iudicium
580 1799 717 1854 hominum
739 1793 959 1872 experiretur4).'
999 1798 1047 1854 sed
1067 1814 1133 1854 voce

121 1882 234 1954 optima,
256 1883 375 1955 ingenti,
398 1881 443 1937 ubi
464 1898 507 1937 res
524 1880 640 1943 serebat,
663 1881 783 1944 aiicctu,
797 1882 886 1937 divino
903 1881 1019 1954 quodam
1034 1881 1133 1953 spiritu

119 2095 197 2144 multa
219 2095 305 2144 dantis
327 2109 380 2143 cram
403 2096 477 2143 laude
500 2097 622 2151 tulerunt,
649 2094 744 2141 Dilecta·
766 2091 811 2140 tibi
836 2092 963 2154 Verpilius
988 2091 1132 2155 Variusque

223 2165 231 2190 ‚
472 2161 479 2174 .
569 2159 576 2174 .

119 2169 216 2291 poetas)
236 2158 794 2293 ‘qwquorgqqaqmoeqbpperp’tirlchiqqratqq
812 2224 942 2287 rediqere,
961 2240 1012 2275 non
1024 2225 1133 2276 absurde
1200 2232 1202 2235 “

122 2310 225 2345 carmen
241 2309 270 2346 se
295 2292 427 2358 (informe)
445 2308 513 2342 more
530 2307 607 2342 ursae
628 2306 723 2354 parere
741 2292 828 2340 dicens
845 2295 870 2338 et
893 2290 1021 2343 lambendo
1040 2294 1133 2343 demum

120 2363 261 2427 essinpere'
280 2362 408 2412 Donatus
426 2375 453 2423 p.
465 2360 497 2409 59
510 2359 542 2408 R.
561 2359 653 2408 ‘amici
668 2359 858 2423 familiaresque
876 2358 906 2410 Ρ.
924 2359 1031 2424 Verqitii
1047 2362 1074 2409 in
1087 2362 1131 2420 eia,

121 2445 185 2494 quae
203 2431 236 2479 de
259 2429 359 2494 inqenio
377 2426 534 2492 moribusque
552 2427 606 2476 eius
623 2426 756 2475 memoriae
778 2425 952 2485 tradiderunt,
975 2428 1061 2476 dicere
1080 2443 1132 2476 eum

121 2499 220 2546 solitum
236 2497 336 2560 serunt,
354 2510 450 2559 parere
461 2509 490 2543 se
507 2508 595 2544 uersus
611 2508 680 2543 more
697 2499 774 2558 atque
786 2494 837 2542 ritu
849 2494 945 2543 ursino.
969 2509 1025 2543 nam
1042 2501 1068 2543 ut
1086 2496 1130 2543 illa

120 2563 202 2613 bestia
222 2563 301 2626 fetum
324 2564 413 2613 ederet
433 2562 599 2626 inesfiqiatum
620 2561 812 2626 informemque,
838 2559 969 2611 lambendo
991 2562 1020 2610 id
1037 2568 1129 2624 postea

121 2631 190 2694 quod
211 2630 248 2681 ita
265 2632 390 2681 edidisset
411 2629 582 2692 conformaret
604 2636 629 2678 et
649 2631 775 2693 finqeret,
792 2629 903 2693 proinde
920 2629 1015 2690 inperii
1031 2643 1129 2692 quoque

121 2698 162 2745 sui
175 2703 267 2759 portus
284 2704 401 2750 recentes
419 2697 478 2746 rudi
493 2711 549 2746 esse
565 2695 635 2758 facie
647 2702 672 2746 et
689 2696 845 2760 inperfecta,
863 2697 911 2746 sed
921 2696 1042 2758 deinceps
1060 2702 1129 2743 trac-

122 2764 201 2812 tando
225 2767 379 2828 colendoque
396 2765 506 2813 reddere
524 2765 562 2813 eis
579 2778 608 2813 se
625 2768 678 2813 oris
695 2771 720 2813 et
737 2765 817 2813 nultus
833 2759 997 2814 lineamenta’
1023 2760 1130 2812 Gellius

119 2829 200 2881 XVII
212 2832 252 2881 10.
264 2832 416 2895 ‘Verqilium
428 2845 526 2896 quoque
536 2831 702 2893 paucissimos
712 2832 753 2880 die
762 2831 932 2893 composuisse
944 2843 1031 2880 uersare
1043 2835 1132 2878 auctor

120 2903 159 2946 est
180 2896 289 2947 Varius’
309 2896 498 2959 Quintilianus
514 2897 541 2946 X
559 2899 587 2958 3,
606 2897 634 2946 8:
654 2897 692 2949 cf.
709 2898 735 2947 X
754 2899 783 2956 1,
802 2898 842 2947 86.

188 2961 210 3024 ²)
229 2963 355 3013 Donatus
374 2979 400 3027 p.
418 2964 464 3024 69,
484 2965 515 3011 12
528 2977 587 3026 sqq.
601 2964 633 3014 R.
914 2999 917 3005 -

187 3028 209 3091 8)
227 3030 333 3081 Donati
345 3046 369 3094 p.
383 3031 415 3078 59
429 3044 468 3092 sq.
481 3030 514 3078 R.
533 3029 618 3079 verba
631 3032 695 3078 sunt
708 3028 742 3077 ab
761 3028 877 3093 Hageno
890 3029 926 3078 ad
940 3027 1130 3093 sangallensis

120 3099 237 3146 maxime
261 3095 341 3146 fidem
364 3096 519 3161 recognita,
547 3096 625 3146 cuius
646 3100 740 3144 tamen
763 3110 814 3145 nec
836 3097 1021 3146 coniecturam
1043 3096 1128 3160 probo

116 3168 243 3228 sinuatam
261 3179 312 3214 nec
329 3164 475 3215 verborum
493 3163 571 3213 ‘nihil
587 3163 614 3211 in
632 3163 745 3212 ordinem
762 3163 907 3226 arripiens'
924 3162 1130 3226 interpretatio·

119 3247 182 3282 nem
205 3246 231 3295 p.
255 3233 312 3282 686.
329 3231 492 3296 expositam.
536 3244 649 3294 qnorum
677 3228 792 3293 simplex
820 3229 960 3280 sententis
987 3228 1056 3279 haec
1079 3235 1130 3291 est,

119 3303 200 3349 extra
218 3313 307 3347 rernm
330 3314 379 3363 per
397 3296 519 3362 singulos
541 3296 627 3347 libros
648 3297 704 3346 iam
722 3295 891 3360 digestarum
910 3295 1032 3346 ordinem
1050 3296 1130 3346 modo

118 3365 171 3415 hac
189 3363 268 3414 modo
286 3364 336 3414 illa
353 3370 464 3430 arrepta
482 3364 637 3429 argumenti
659 3363 797 3428 partIcula
815 3368 926 3429 poetam
943 3376 1039 3413 versus
1058 3377 1129 3412 com·

119 3445 360 3560 posuillss‘erecitanit
372 3506 397 3547 et
407 3499 522 3561 pluribus
553 3501 601 3549 sed
611 3514 692 3563 neque
701 3498 854 3564 frequenter
866 3504 892 3548 et
903 3512 935 3547 ea
944 3497 1019 3559 sere’
1033 3510 1056 3543 e.
1070 3509 1095 3558 q.
1108 3509 1129 3546 s.

121 3567 247 3618 Donatus
266 3581 293 3629 p.
314 3566 359 3624 62,
378 3567 403 3614 4.
422 3567 454 3615 R.

170 3663 334 3705 suanacas,
352 3662 469 3698 vanem.
751 3641 754 3645 ’
906 3670 923 3709 0
