2512 4096
143 261 200 324 142
306 338 310 347 ἡ
469 266 613 316 veneror
633 266 760 314 anunm
782 266 822 314 111

142 424 225 487 vade'
246 426 299 494 ait,
323 433 358 484 ‘o
376 423 444 484 felix
465 424 526 483 nati
545 423 661 500 pietate.
707 423 775 501 quid
798 421 875 483 ultra
1113 432 1169 487 480

141 509 286 589 provehor
309 517 338 568 et
359 507 447 568 lando
467 507 614 583 surgentis
633 506 771 567 demoror
794 504 937 567 austrosi'

140 612 195 656 nec
216 592 313 654 minus
331 590 537 652 Andromache
557 590 692 666 digressu
713 598 824 652 maesta
845 607 983 668 supremo

141 677 198 739 lert
216 678 376 755 picturatas
396 675 460 736 auri
482 673 667 752 subtegmine
690 681 783 736 restes

142 771 171 823 et
193 761 350 840 Phrygiam
371 759 496 819 Ascanio
515 757 699 838 chlamydem
723 757 788 835 (nec
811 757 888 819 cedit
910 757 1032 835 honore)

142 843 348 922 textilibusque
367 850 469 904 onerat
491 842 589 912 donis,
610 860 644 902 ac
666 841 733 902 talia
754 841 847 903 latur:
1112 852 1168 906 485

143 930 259 1007 'accipe
279 935 307 988 et
326 926 414 996 haec,
439 944 579 986 manuum
600 925 653 987 tibi
675 943 751 1005 quae
772 926 950 987 monimenta
972 943 1106 986 mearum

143 1015 214 1083 sint,
237 1029 326 1091 puer,
349 1018 378 1071 et
399 1009 520 1088 longum
541 1010 765 1071 Andromachae
786 1016 931 1071 testentur
951 1027 1098 1077 aurorem,

143 1097 274 1174 coniugis
295 1095 465 1156 Hectoreae.
512 1109 584 1171 cape
606 1093 682 1154 dona
705 1100 835 1156 extrema
857 1101 988 1165 tuorum,

144 1201 161 1241 o
182 1180 254 1241 mibi
276 1177 338 1239 sola
360 1179 421 1239 mei
435 1195 528 1255 super
548 1179 729 1257 Astyanactis
750 1179 856 1258 imago.

143 1267 185 1326 sic
208 1263 324 1332 oculos,
347 1263 389 1323 sic
411 1259 459 1323 ille
480 1279 600 1332 manus,
622 1263 664 1324 sic
681 1280 733 1323 ora
755 1262 883 1330 ferebam
1115 1274 1169 1326 ⁴90

144 1357 174 1410 et
193 1365 273 1409 nunc
294 1346 408 1424 aequali
429 1352 528 1407 tecum
544 1345 721 1424 pubesceret
740 1345 852 1409 aero'.

143 1434 198 1493 bos
221 1448 275 1509 ego
298 1430 464 1508 digrediens
484 1428 612 1491 lacrimis
634 1430 755 1492 adfabar
779 1431 904 1493 obortis:

145 1516 246 1577 ‘vivite
267 1514 380 1584 lelices,
404 1512 511 1592 quibus
532 1521 576 1575 est
597 1515 714 1577 fortuna
735 1522 855 1594 peracta

145 1618 202 1661 ram
226 1617 292 1667 sua;
314 1615 368 1659 nos
390 1597 445 1659 alia
467 1616 503 1659 cx
525 1598 587 1658 aliis
607 1600 637 1659 in
657 1601 716 1661 lata
736 1617 886 1661 vocamur.

146 1683 226 1744 robis
248 1689 330 1760 parta
354 1682 451 1760 quies,
474 1680 587 1742 nullum
608 1684 697 1744 maris
719 1701 831 1763 aequor
852 1681 1008 1749 arandum,

145 1786 213 1829 arva
234 1785 330 1844 neque
350 1766 495 1826 Ausoniae
517 1783 633 1843 semper
656 1767 788 1829 cedentia
809 1775 891 1830 retro

145 1849 321 1931 quaerenda.
366 1849 493 1926 effigiem
512 1848 620 1910 Xanthi
640 1851 819 1931 Troiamque
840 1852 956 1919 videtis,

146 1953 234 2015 quarn
257 1942 369 1995 vestrae
392 1934 490 1994 locere
510 1950 615 1994 manus
635 1935 820 2007 melioribus,
844 1943 928 2015 opto,

146 2019 282 2100 auspiciis
306 2027 335 2079 et
355 2035 430 2098 quae
446 2016 555 2079 luerint
576 2019 672 2080 minus
693 2019 776 2082 obvia
798 2021 891 2083 Grais.

146 2102 289 2183 siquando
310 2100 453 2182 Thybrhn
470 2103 623 2182 vicinaque
644 2103 801 2184 Thybridis
823 2123 892 2166 arva

147 2189 258 2249 intraro
277 2186 416 2266 gentique
433 2205 517 2249 meae
540 2186 606 2249 data
627 2188 743 2250 moenia
765 2206 900 2259 ceruam,

101 2290 105 2306 ·
147 2277 284 2349 cognatas
304 2269 394 2331 urbes
417 2269 485 2333 olim
506 2270 690 2352 populosque
710 2273 893 2354 propinquos

147 2355 237 2433 Epiro
260 2354 418 2432 Hesperia,
443 2354 549 2434 quibus
565 2356 643 2417 idom
661 2357 815 2419 Dardanus
837 2364 940 2419 auctor

148 2446 235 2518 atquo
256 2439 332 2498 idern
355 2456 454 2507 casus,
476 2456 565 2499 unam
584 2439 724 2502 iaciemus
739 2448 894 2520 utramque

148 2522 266 2583 Troiam
288 2522 407 2589 animis;
428 2528 546 2582 maneat
567 2529 683 2583 nostros
706 2541 740 2584 ea
762 2542 833 2585 cura
854 2522 1001 2604 nepotes'

189 2603 382 2668 Provehimur
402 2603 507 2683 pelago
526 2604 619 2666 vicina
636 2606 779 2668 Ceraunia
800 2609 893 2677 iuxta,
943 2597 949 2612 ⁸

150 2691 228 2752 unde
249 2691 304 2751 iter
328 2687 437 2749 ltaliam
460 2705 623 2767 cursusque
643 2689 832 2752 brevissimus
850 2693 943 2754 undis.

149 2774 193 2833 sol
213 2775 273 2835 ruit
290 2774 402 2833 interea
424 2778 453 2833 et
474 2779 589 2834 montes
612 2773 787 2836 umbrantur
812 2779 906 2854 opaci.

148 2858 307 2920 sternimur
326 2863 441 2933 optatae
462 2857 575 2935 gremio
596 2856 708 2920 tehuris
731 2859 769 2921 ad
786 2861 895 2922 undam

149 2942 243 3004 sortiti
264 2958 376 3009 remos,
398 2941 564 3022 passimque
586 2942 722 3007 inlitora
744 2946 823 3007 sicco

150 3043 274 3104 corpora
299 3042 450 3086 curamus:
473 3027 565 3089 sessos
583 3035 680 3108 sopor
694 3030 800 3110 inrigat
822 3040 911 3106 artus.

149 3110 275 3170 necdum
296 3109 399 3170 orbem
421 3111 550 3171 medium
572 3112 636 3174 Nox
658 3113 744 3175 Horis
766 3123 828 3176 acta
851 3114 981 3176 subibat:

150 3193 220 3254 haut
240 3194 338 3270 segnis
360 3199 451 3254 strato
472 3195 565 3272 surgit
585 3197 741 3258 Palinurus
760 3205 788 3258 et
810 3201 903 3259 omnis
930 3261 931 3266 ,

150 3275 281 3356 explorat
303 3282 403 3337 ventos
425 3283 512 3355 atquo
534 3279 655 3340 auribus
675 3285 744 3341 atra
767 3288 877 3361 captat;

149 3362 245 3423 sidera
267 3365 371 3421 cuncta
390 3366 471 3419 notat
490 3361 577 3423 tacito
599 3363 725 3425 labentia
747 3364 843 3436 caelo,

150 3451 299 3508 arcturum
321 3440 491 3523 pluviasque
512 3443 622 3525 hyadas
645 3448 835 3528 geminosque
850 3451 974 3515 triones.

152 3538 353 3606 armatumque
376 3543 448 3588 auro
471 3527 667 3611 circumspicit
691 3531 807 3595 Oriona.
