2512 4096
522 275 666 324 VERGlLl
688 274 828 324 henoch
849 275 884 322 Vl

325 429 456 508 Namque
478 430 615 499 canebat,
638 431 679 490 uti
700 446 837 506 magnum
860 445 913 506 per
935 428 1023 489 inane
1045 439 1151 491 coacta

324 514 434 574 semina
456 519 661 591 terrarumque
682 513 853 590 animaeque
874 511 1023 589 marisque
1044 512 1173 575 fixissent

325 603 353 656 et
373 596 475 674 liquidi
497 595 582 656 simul
604 595 693 674 ignis;
717 595 816 655 uthis
838 593 957 655 exordia
978 594 1086 671 primis

232 700 238 719 ·
324 681 420 739 omnia
443 686 471 739 et
493 681 555 757 ipse
576 686 660 739 tener
681 678 782 738 mimdi
804 678 985 738 concreverit
1007 677 1121 748 orbis;'

324 770 386 823 tum
407 764 516 823 durare
538 761 633 822 solum
655 768 683 821 et
704 760 869 821 discludere
890 760 986 821 Nerea
1007 768 1102 838 ponto
1178 775 1208 828 35

325 847 454 922 coeperit
481 855 512 908 et
540 863 641 905 rerum
663 844 800 922 paulatim
823 860 940 903 sumere
962 843 1089 914 formas;

323 931 439 1006 iamque
460 946 567 988 novom
588 935 685 988 terrae
706 933 840 1005 stupeant
860 926 1011 988 lucescere
1033 927 1137 1000 solem,

323 1010 409 1072 altius
430 1018 517 1089 atque
539 1011 644 1071 cadant
665 1012 816 1071 summotis
838 1009 965 1071 nubibus
987 1010 1115 1082 imhres;

324 1096 463 1172 incipiant
484 1093 572 1154 silvae
594 1095 809 1171 cumprimum
831 1110 968 1170 surgere,
992 1089 1121 1174 cumque

324 1197 391 1239 rara
414 1195 467 1255 par
490 1179 608 1254 ignaros
631 1184 731 1238 errent
752 1176 885 1237 animalia
907 1178 1024 1237 montis.
1177 1190 1209 1243 lo

270 1274 305 1292 “‘
324 1263 392 1322 hinc
413 1261 524 1338 lapides
544 1261 675 1340 Pyrrhae
696 1262 801 1330 iactos,
824 1261 959 1321 Saturnia
980 1276 1084 1338 regna,

325 1345 544 1423 Caucaseaeque
571 1344 663 1404 refert
684 1343 817 1404 volucres
840 1344 1009 1422 furtumque
1030 1344 1208 1408 Promethei

322 1427 373 1503 his
395 1427 538 1505 adiungit,
561 1426 654 1505 Hylan
676 1433 780 1487 nautae
803 1445 861 1505 quo
883 1427 963 1488 fonte
983 1425 1122 1490 relictum

326 1509 513 1580 clamassent,
535 1519 568 1571 ut
588 1510 657 1571 litus
679 1508 760 1589 ‘Hyla
782 1509 861 1589 llyla’
884 1529 971 1571 omne
993 1519 1129 1583 sonarem

328 1600 356 1654 et
377 1593 562 1662 fortunatam,
586 1595 611 1653 si
632 1611 792 1672 numquam
814 1600 946 1655 armenta
967 1593 1099 1666 fuissent,
1177 1608 1209 1665 to

323 1677 486 1754 Pasiphaen
507 1677 583 1736 nivei
604 1676 721 1737 solatur'
737 1695 838 1738 amore
860 1678 982 1738 iuvenci.

325 1761 444 1835 avirgo
466 1759 578 1827 infelix,
602 1778 677 1837 quae
697 1768 727 1820 te
749 1760 894 1821 dementia
915 1761 1003 1838 cepit!

323 1842 476 1904 Proetides
490 1840 653 1922 implerunt
667 1842 746 1904 falsis
767 1842 925 1922 mugitibus
946 1860 1045 1922 agros,

324 1933 354 1987 at
374 1944 433 1986 non
456 1933 514 1987 tarn
537 1932 631 2002 turpis
652 1927 798 2003 pecudum
820 1935 918 1988 tamen
940 1925 997 1988 ulla
1011 1933 1122 2008 ‘secuta

324 2010 510 2078 concubitus,
533 2011 664 2088 quamvis
686 2009 761 2071 collo
783 2011 925 2071 timuisset
946 2015 1089 2078 aratrum,
1177 2023 1211 2075 50

323 2102 353 2156 et
373 2112 460 2172 saepe
482 2096 511 2154 in
533 2093 588 2154 levi
611 2096 793 2171 quaesissent
814 2112 925 2155 cornua
948 2093 1053 2153 fronte.

324 2198 340 2239 a
362 2180 444 2257 virgo
466 2177 581 2248 infelix,
605 2185 635 2238 tu
659 2178 787 2239 nuncin
810 2177 959 2238 montibus
981 2192 1081 2237 erras:

323 2259 371 2322 illc
392 2261 468 2321 latus
489 2263 606 2322 nircum
628 2260 709 2321 molli
731 2260 820 2320 fultus
842 2259 998 2340 hyacintho

323 2341 388 2403 ilice
410 2342 464 2403 sub
487 2346 571 2421 nigra
593 2343 727 2421 pallentis
748 2345 876 2405 ruminat
897 2343 1015 2412 herhas,

323 2432 373 2485 aut
393 2424 520 2503 aliquam
534 2428 564 2486 in
576 2444 682 2503 magno
696 2428 828 2504 sequitur
839 2444 938 2507 grege.
966 2425 1111 2496 ‘claudite
1128 2445 1209 2506 nym-

962 2508 1048 2587 phae,
1176 2521 1210 2575 5⁶

321 2591 456 2653 Dictaeae
476 2593 638 2674 nymphae,
661 2611 816 2654 nemorum
837 2594 896 2654 iam
918 2593 1043 2655 claudite
1064 2591 1167 2663 saltus,

322 2675 405 2753 siqua
427 2674 503 2735 forte
525 2675 620 2736 ferant
641 2675 733 2738 oculis
755 2695 820 2738 sese
842 2676 926 2737 obvia
948 2677 1056 2737 nostris

322 2758 488 2838 errabunda
510 2758 593 2819 bovis
613 2762 747 2838 vestigia;
771 2760 892 2821 forsitan
914 2759 995 2821 illum

324 2848 373 2901 aut
393 2840 486 2902 herba
509 2849 626 2920 captum
648 2845 732 2904 viridi
753 2851 803 2905 aut
823 2850 953 2905 armenta
977 2848 1111 2904 secutum

322 2925 486 3003 perducant
507 2926 620 3005 aliquae
642 2925 755 2988 stabula
777 2927 814 2986 ad
837 2927 977 3006 Gortynia
998 2923 1123 2988 vaccae!
1176 2937 1211 2992 60

319 3023 382 3071 tum
404 3011 481 3070 canit
502 3010 697 3088 Hesperidum
719 3011 853 3070 miratam
875 3009 951 3071 mala
973 3007 1115 3088 puellam;

321 3100 383 3153 tum
404 3094 650 3155 Phaethontiadas
670 3110 772 3153 musco
796 3093 958 3154 circumdat
979 3109 1096 3154 amarae

323 3177 453 3247 corticis,
477 3184 564 3255 atque
586 3177 649 3237 solo
670 3193 810 3254 proceras
834 3177 918 3254 erigit
940 3175 1031 3236 alnos.

325 3268 387 3319 tum
408 3261 494 3329 canit,
518 3267 665 3320 errantem
685 3260 832 3320 Permessi
853 3260 890 3320 ad
912 3259 1031 3321 flumina
1054 3256 1172 3321 Gallum

320 3346 418 3403 hortas
440 3343 469 3401 in
490 3344 598 3402 montis
619 3350 652 3403 ut
673 3343 788 3403 duxerit
809 3361 867 3404 una
889 3359 1036 3411 sororum,
1174 3351 1208 3406 65

320 3439 410 3505 utque
432 3443 493 3486 vtro
514 3425 627 3486 Phoehi
649 3425 758 3487 chorus
779 3426 978 3487 adsurrexerit
1000 3426 1110 3492 omnis;

321 3514 353 3571 ut
374 3509 464 3569 Linus
484 3508 559 3569 haec
581 3507 622 3569 illi
643 3509 739 3570 divino
763 3511 892 3571 carmine
914 3515 1015 3587 pastor
