2512 4096
536 258 750 307 cursurum.

119 415 178 478 tale
201 417 273 478 deae
295 433 418 485 numen,
443 414 493 475 tali
514 414 650 475 moriilie
671 415 730 474 ritu

162 499 252 560 fallax
273 509 423 561 momento
445 500 588 576 temporis
609 498 683 558 hora
704 499 773 558 ruit.

602 649 676 710 XIII.

123 752 316 829 Quocumque
337 751 382 810 ire
404 750 505 811 ferunt
526 753 622 810 variae
645 769 699 811 nos
721 758 854 827 tempore
876 749 959 817 vitae,

161 840 285 912 tangere
307 852 379 912 quas
400 841 497 894 terras
520 853 652 913 quosque
673 833 774 894 videre
796 833 939 901 homines,

120 918 300 996 dispeream,
323 918 348 977 si
370 926 399 977 ie
421 917 511 978 fuerit
531 918 605 977 mihi
627 919 724 977 carior
747 916 830 977 alter.

162 998 237 1060 alter
259 1001 339 1060 enim
361 1002 427 1079 quis
448 1011 477 1060 te
500 999 615 1061 dulcior
636 1018 700 1061 esse
721 996 850 1080 potest‚'

120 1085 168 1144 eui
189 1084 288 1144 iuveni
309 1093 377 1144 anie
399 1084 471 1144 alios
494 1085 552 1144 divi
574 1085 729 1164 divomque
751 1100 868 1144 sorores
1115 1088 1133 1139 5

163 1174 268 1227 cuncta
290 1184 387 1246 neque
408 1167 545 1244 indigno,
567 1169 664 1237 Musa,
688 1167 798 1228 dedere
820 1166 906 1234 bona,

121 1246 227 1311 cuneta
266 1249 372 1329 quibus
394 1251 501 1328 gaudet
522 1251 634 1311 Phoebi
656 1252 764 1311 chorus
785 1252 908 1329 ipseque
929 1247 1084 1308 Phoebus?

163 1333 278 1393 doctior
300 1351 317 1392 ο
339 1335 404 1413 quis
425 1342 470 1403 te,
493 1334 590 1404 Musa,
613 1335 703 1396 fuisse
725 1334 840 1413 potest?

120 1433 138 1474 ο
161 1419 226 1496 quis
248 1424 277 1477 te
298 1418 330 1477 in
352 1419 440 1477 terris
461 1415 591 1495 loquitur
613 1418 768 1479 Iucundior
790 1416 866 1477 uno?

164 1499 225 1561 Clio
249 1507 308 1560 tam
330 1509 411 1561 certe
433 1501 558 1563 candida
580 1519 640 1563 non
661 1502 799 1580 loquitur.
1102 1503 1136 1555 10

121 1600 213 1662 quare
235 1583 307 1644 iilud
329 1586 400 1644 sat'm
422 1591 482 1654 est,
506 1586 531 1644 si
552 1592 581 1646 te
603 1587 749 1663 permittis
772 1587 874 1653 amari,

163 1684 224 1727 non
247 1675 349 1728 contra
372 1670 462 1729 utsii
483 1687 567 1730 amor
588 1678 706 1730 mutuus
726 1669 796 1730 inde
818 1669 900 1730 mihi.

592 1817 680 1882 XIIII.

121 1917 193 1990 Quis
215 1918 300 1990 deus,
326 1920 440 1991 Octavi,
464 1930 493 1981 ie
516 1921 601 1980 nobis
623 1919 761 1980 ahstuliti
784 1937 822 1979 an
845 1936 920 1996 quae

166 2002 282 2071 dIeunt,
306 2021 337 2071 a,
361 2005 452 2064 nimio
474 2003 580 2080 pocula
604 2003 691 2062 dueta
712 2002 815 2062 merei

122 2083 308 2154 ‘vobiscum
337 2087 362 2146 si
384 2094 428 2145 est
450 2085 549 2165 culpe,
572 2084 647 2146 bibi:
671 2104 724 2146 sua
746 2102 892 2164 quemque
914 2090 1057 2145 secuntur

165 2166 239 2227 ieta:
262 2167 333 2247 quid
354 2169 486 2229 inmeriti
507 2170 621 2229 crimen
642 2168 753 2228 hahent
774 2168 904 2246 cyathii'

123 2251 235 2329 scripta
256 2251 375 2330 quidem
397 2260 447 2313 tua
469 2270 523 2312 nos
544 2250 669 2326 multum
690 2251 865 2312 mirabimur
887 2258 917 2312 et
939 2249 971 2311 ιε’
1119 2254 1138 2307 5

164 2341 281 2409 raptum
306 2343 334 2394 et
355 2336 517 2397 Romanam
539 2334 675 2396 flebimus
695 2336 857 2407 historiam,

123 2416 176 2479 sed
198 2424 231 2479 tu
252 2415 350 2478 nullus
373 2420 440 2480 eris.
463 2421 595 2496 perversi
617 2420 705 2480 dieite
726 2436 838 2487 menes,

165 2500 247 2561 hune
268 2518 422 2580 superesse
444 2504 521 2583 patri
542 2520 617 2583 quae
639 2502 695 2564 suit
715 2502 841 2564 invidie?
