2512 4096
448 271 590 320 vunaxur
605 269 730 319 sunum
748 270 811 319 v111
1074 258 1136 320 247

125 448 157 490 u.
179 426 255 488 bello
279 428 411 506 egregias
431 426 510 487 ldem
532 426 680 487 disiecerit
699 425 799 496 urbes,
1085 434 1136 487 290

123 512 301 592 Troiamque
323 509 558 587 Oechaliamque,
578 515 612 570 ut
633 509 723 570 duros
745 508 825 571 mille
848 508 963 571 labores

123 613 194 672 rege
216 593 270 656 sub
290 592 453 674 Eurystheo
475 592 541 653 latis
561 591 681 654 lunonis
700 593 818 671 iniquae

123 677 286 758 pertulerit.
318 684 363 738 ‘tu
385 676 557 754 nubigenas,
576 677 692 746 invicte,
715 675 888 739 bimembris

122 759 323 841 Hylaeumque
344 758 539 838 Pholumque,
560 770 657 830 manu,
679 767 710 820 tu
730 759 829 822 Cresia
851 769 961 822 mactas

122 845 256 924 prodigia
279 853 308 906 et
329 850 443 905 vastum
464 844 592 905 Nemeae
612 842 666 904 sub
688 862 762 923 rupe
781 844 908 907 leonem.

122 935 153 989 te
175 928 266 1007 Stygii
288 935 438 990 uemuere
457 925 548 997 lacus,
571 937 600 988 te
620 928 728 988 ianitor
750 928 820 990 Orci

122 1028 189 1073 ossa
208 1029 297 1090 super
316 1011 461 1073 recubans
482 1018 567 1072 antro
589 1028 702 1072 semesa
726 1021 865 1083 cruento;

124 1113 179 1156 nec
200 1102 229 1156 te
250 1094 326 1156 ullae
348 1094 446 1167 iacies,
466 1112 526 1155 non
547 1097 654 1157 terruit
672 1096 737 1175 ipse
757 1097 923 1177 Typhoeus,

123 1178 234 1239 arduus
255 1196 336 1239 arma
360 1185 477 1248 tenens;
499 1197 559 1239 non
578 1187 608 1240 te
629 1180 750 1240 rationis
770 1187 904 1259 egentem

123 1263 274 1324 Lernaeus
294 1261 381 1323 turba
404 1263 531 1340 capitum
554 1264 745 1324 circumstetit
767 1265 879 1341 anguis.

123 1345 210 1416 salve,
233 1363 302 1407 vera
319 1345 395 1406 lovis
415 1345 522 1423 proles,
547 1346 636 1407 decus
657 1346 754 1408 addite
776 1348 856 1418 divis,

123 1435 153 1489 et
173 1446 228 1489 nos
250 1439 278 1490 et
298 1435 348 1490 tua
369 1429 471 1490 dexter
494 1429 540 1490 adi
560 1429 636 1510 pedo
658 1447 740 1491 sacra
763 1431 912 1493 secundo!

124 1512 191 1573 salia
214 1511 393 1584 carminibus
415 1511 578 1582 celebrant;
601 1531 690 1592 super
713 1516 809 1575 omnia
833 1515 899 1577 Caci

123 1594 295 1676 speluncam
317 1596 445 1658 adiciunt
465 1598 684 1679 spirantemque
705 1596 822 1676 ignibus
843 1600 950 1678 ipsum.

123 1687 264 1742 consonat
285 1697 373 1742 omne
393 1697 498 1742 nemus
517 1683 640 1760 strepitu
663 1680 810 1762 collesque
828 1683 979 1746 resultant.

163 1763 249 1824 Exim
271 1782 304 1826 se
324 1765 421 1825 cuncti
442 1765 544 1826 divinis
566 1765 713 1827 rebusad
735 1765 841 1827 urbem

122 1847 261 1929 perlectis
283 1846 424 1910 referunt.
457 1848 518 1909 ibat
539 1865 592 1911 rex
615 1848 727 1910 obsitus
749 1868 820 1911 aevo

123 1939 151 1993 et
173 1932 308 1993 comitem
327 1933 445 1993 Aenean
468 1933 546 1993 iuxta
568 1940 728 2012 natumque
746 1933 865 1994 tenebat

121 2015 290 2093 ingrediens
312 2016 450 2093 varioque
473 2016 548 2075 viam
570 2033 707 2076 sermone
726 2014 850 2077 levabat.

122 2099 247 2159 mhatur
267 2095 418 2174 facilisque
437 2097 540 2159 oculos
560 2099 618 2158 fert
639 2099 736 2158 omnia
755 2099 866 2160 circum

121 2182 235 2242 deneas
255 2181 427 2259 capiturque
445 2179 516 2241 locis
535 2189 565 2241 et
586 2178 698 2257 singula
719 2178 813 2241 laetus

122 2265 307 2342 exquiritque
329 2262 467 2343 auditque
489 2264 582 2324 virum
603 2264 782 2324 monimenta
804 2265 947 2345 priorum.

121 2358 183 2409 turn
205 2365 258 2408 rex
280 2345 444 2414 Euandrus,
468 2346 616 2408 humanae
639 2347 772 2409 conditor
797 2351 881 2422 arcis,

124 2432 214 2493 ‘haec
237 2448 358 2492 nemora
379 2431 533 2508 indigenae
555 2431 635 2493 launi
656 2431 860 2514 nymphaeque
882 2434 1021 2496 tenebant

121 2532 253 2594 gensque
273 2515 368 2575 virum
391 2516 504 2576 truncis
525 2524 554 2576 et
572 2515 647 2577 duro
668 2515 872 2588 concionata,
1081 2527 1131 2580 ³15

123 2600 187 2678 quis
209 2615 305 2679 neque
326 2616 391 2658 mos
412 2616 509 2677 neque
532 2598 626 2661 cultus
649 2608 719 2670 erat,
742 2619 798 2663 nec
817 2604 939 2681 iungere
960 2610 1060 2664 tauros

121 2691 172 2744 aut
187 2700 365 2762 componere
383 2700 455 2763 opes
476 2691 583 2745 norant
602 2691 652 2745 aut
671 2701 795 2764 parcere
817 2695 912 2765 parto,

121 2768 174 2829 sed
195 2767 270 2827 rami
293 2774 379 2846 atque
401 2785 487 2847 asper
508 2769 584 2828 victu
606 2775 727 2829 venatus
744 2768 848 2832 alebat.

120 2853 234 2930 primus
255 2849 292 2911 ab
315 2851 445 2911 aetherio
468 2853 546 2912 venit
569 2851 713 2913 Saturnus
735 2851 867 2933 Olympo,

122 2951 203 2993 arma
224 2932 299 2993 lovis
320 2933 435 3009 lugiens
455 2943 483 2992 et
505 2936 605 3012 regnis
625 2933 691 2995 exul
711 2936 865 3015 ademptis.
1081 2946 1133 2998 320

121 3019 145 3076 is
167 3032 260 3093 genus
281 3015 408 3076 hidocile
429 3032 464 3075 ac
485 3015 649 3094 dispersum
670 3017 819 3078 montibus
840 3018 906 3080 altis

123 3101 288 3177 composuit
306 3098 447 3177 legesque
467 3099 545 3160 dedit
565 3100 739 3178 Latiumque
759 3104 856 3164 vocari

122 3181 232 3250 maluit,
255 3183 300 3243 his
324 3185 463 3260 quoniam
485 3182 616 3245 latuisset
637 3192 715 3245 tutus
736 3184 766 3244 in
789 3186 857 3247 oris.

121 3283 210 3327 aurea
233 3284 308 3346 quae
329 3266 486 3345 perhibent
504 3265 553 3328 illo
575 3267 629 3330 sub
650 3285 723 3346 rege
743 3268 826 3330 luere

122 3347 247 3411 saecula.
278 3350 320 3411 sic
339 3349 452 3427 placida
473 3351 597 3431 populos
619 3353 649 3413 in
671 3369 744 3431 pace
766 3353 896 3433 regebat,
1081 3364 1131 3415 uto

122 3433 251 3494 deterior
273 3433 368 3494 donec
388 3433 527 3512 paulatim
549 3455 584 3498 ac
605 3436 725 3498 decolor
748 3445 827 3500 aetas

122 3525 151 3579 et
172 3515 240 3579 belli
261 3515 360 3578 rabies
380 3524 409 3578 et
430 3535 513 3579 amor
529 3522 669 3583 successit
685 3520 823 3584 habendi.
