2512 4096
170 277 233 343 2⁰2
501 288 646 338 anaema
667 289 794 339 anunm
816 290 876 371 va·

169 452 221 508 aut
238 454 287 515 tu,
309 445 393 525 siqua
413 445 459 506 via
481 451 539 516 est,
561 445 675 524 siquam
696 443 749 505 tibi
769 443 834 505 diva
856 447 983 507 meatrix

169 529 295 590 ostendit
316 528 422 609 (neque
443 530 535 600 enim,
559 528 663 598 eredo,
687 530 750 588 sine
767 529 888 590 numine
910 530 1007 590 divom

168 613 289 674 flumina
309 619 388 673 tanta
405 630 492 691 paras
513 613 700 693 Stygiamque
723 613 827 674 innare
847 612 1009 692 paludem),
1095 646 1102 658 ·

169 696 206 757 da
228 698 362 759 dextram
382 698 491 757 misero
514 703 543 758 et
563 704 660 758 tecum
679 714 726 757 me
747 696 890 775 tolleper
908 699 1018 767 undas,
1137 708 1191 766 πο

168 780 287 842 sedibus
310 786 344 841 nt
364 779 469 842 saltem
489 780 611 860 placidis
632 782 662 840 in
682 787 779 840 morte
799 779 972 859 quiesoem’

168 862 236 927 talia
258 865 335 926 fatus
357 870 435 933 erat,
456 865 553 941 eoepit
570 882 638 925 eum
659 863 726 924 talia
747 872 843 924 vates:

169 948 264 1010 ‘unde
284 949 373 1019 haee,
393 964 411 1008 o
430 946 585 1018 Palinure,
606 947 661 1008 tihi
679 955 742 1008 tam
763 947 827 1008 dira
849 947 975 1025 eupidoi

167 1042 200 1094 tu
217 1033 331 1112 Stygias
351 1031 521 1093 inhumatus
541 1048 632 1111 aquas
652 1046 828 1109 amnemque
850 1048 985 1093 severum

167 1116 363 1178 Eumenidum
385 1116 508 1195 aspicies
530 1117 661 1193 ripamve
679 1117 807 1176 iniussus
829 1116 941 1178 adibisi
1136 1127 1190 1184 aaa

167 1200 269 1262 desine
291 1201 349 1261 sata
370 1199 458 1261 deum
478 1198 557 1261 ileati
577 1216 699 1278 sperare
716 1200 878 1278 procando.

167 1283 219 1345 sed
234 1300 306 1362 cape
328 1283 404 1345 dieta
421 1301 552 1354 memor,
574 1283 641 1344 duri
663 1281 770 1344 solaria
792 1300 888 1344 oasus.

167 1384 236 1428 nam
258 1374 307 1428 tua
328 1367 456 1438 dnitimi,
478 1366 566 1445 longe
586 1365 702 1447 lateque
724 1385 779 1445 per
798 1366 889 1429 urbes

166 1450 308 1529 prodigiis
330 1451 387 1510 acti
409 1451 598 1522 caelestibus,
618 1469 683 1512 ossa
703 1451 840 1530 piabunt,

167 1541 197 1596 et
217 1540 345 1595 statuent
367 1534 512 1595 tumulum
530 1542 560 1596 et
580 1534 693 1596 tumulo
713 1535 866 1596 sollemnia
884 1536 1012 1605 mittent,
1136 1549 1190 1603 380

167 1625 379 1696 aeternumque
399 1616 482 1678 iocus
502 1617 633 1680 Palinuri
653 1636 762 1680 nomen
780 1618 924 1680 habebit.'

166 1700 212 1762 his
231 1701 314 1763 dietis
337 1717 426 1762 aurae
447 1710 562 1763 emotae
581 1703 744 1780 pulsusque
761 1719 922 1780 parumper

167 1785 257 1847 eorde
277 1783 362 1845 dolor
383 1785 472 1854 tried:
496 1786 604 1864 gaudet
624 1787 798 1864 cognomine
819 1793 926 1848 terrae.

208 1869 288 1948 Ergo
309 1870 365 1929 iter
384 1869 534 1946 inceptum
554 1877 701 1949 peragunt
723 1869 872 1949 fluvioque
891 1874 1100 1952 propinquans.

166 1954 262 2014 navita
284 1970 358 2032 quos
376 1953 435 2013 iam
456 1953 524 2013 inde
543 1961 576 2014 ut
594 1954 693 2033 Stygia
711 1957 862 2033 prospexit
884 1955 921 2015 ab
942 1956 1022 2017 unde
1136 1965 1188 2022 ³8⁵

165 2055 220 2115 per
240 2037 361 2098 tacitum
376 2054 481 2098 nemus
502 2037 544 2100 ire
562 2038 727 2118 pedemque
747 2039 900 2100 advertere
921 2041 1018 2118 ripae,

166 2121 209 2182 sie
229 2121 312 2199 prior
334 2121 506 2200 adgreditur
528 2121 612 2184 dinis
631 2128 719 2201 atque
740 2125 873 2201 increpat
894 2122 989 2184 ultro:

167 2206 316 2283 ‘quisquis
337 2223 384 2275 es,
407 2213 537 2267 armatus
559 2208 608 2287 qui
628 2214 729 2269 nostra
750 2207 788 2268 ad
810 2206 931 2267 flumina
953 2208 1064 2279 tendis,

165 2289 229 2349 iare
251 2306 320 2367 age,
341 2289 412 2367 quid
433 2291 548 2362 venias,
570 2291 629 2352 iam
647 2292 750 2361 istinc,
773 2299 803 2352 et
823 2293 986 2369 comprime
1007 2308 1152 2370 gressum.

166 2372 340 2433 umbrarum
360 2373 409 2434 hie
429 2373 513 2435 loeus
536 2383 593 2444 est,
616 2377 712 2435 somni
731 2376 885 2453 noctisque
907 2391 1047 2454 soporem
1134 2390 1188 2444 390

166 2473 291 2533 corpora
313 2458 376 2518 riva
397 2459 479 2519 nefas
501 2460 599 2538 Stygia
618 2466 736 2520 vectare
755 2460 864 2520 carina.

164 2556 220 2601 neo
240 2558 310 2602 vero
330 2539 450 2602 Alciden
471 2560 519 2602 me
541 2560 607 2602 sum
628 2542 751 2602 laetatus
771 2550 891 2603 euntem

165 2625 313 2702 accepisse
335 2623 401 2685 lacu
422 2643 478 2686 neo
493 2624 607 2685 Thesea
628 2625 863 2703 Pirithoumque,

164 2707 209 2767 dis
230 2725 409 2785 quamquam
427 2708 517 2785 geniti
538 2715 625 2785 atque
647 2709 745 2769 invicti
766 2708 877 2769 viribus
899 2720 1005 2771 essent.

163 2791 337 2852 Tartareum
358 2789 407 2852 iile
428 2810 517 2851 manu
537 2792 689 2853 custodem
709 2793 740 2853 in
761 2792 855 2854 vincla
873 2794 974 2872 petivit
1133 2808 1184 2864 395

163 2875 255 2952 ipsius
276 2892 294 2935 a
312 2871 385 2933 solio
408 2876 502 2954 regis,
526 2877 673 2955 traxitque
694 2884 885 2948 trementem3

163 2957 194 3018 hi
216 2957 364 3019 dominam
387 2959 459 3021 Ditis
477 2953 606 3022 thalamo
628 2961 776 3024 deducere
797 2960 917 3024 adorti.'

163 3059 238 3120 quae
257 3052 359 3102 eontra
377 3044 506 3106 breviter
527 3047 586 3108 fata
606 3053 649 3107 est
670 3047 845 3127 Amphrysia
864 3053 961 3108 rates:

164 3122 276 3186 ‘nullae
297 3126 345 3186 hic
366 3129 488 3190 insidiae
507 3130 580 3192 tales
603 3130 720 3210 (absiste
741 3132 878 3211 moveri),

164 3226 221 3270 nec
242 3210 300 3270 rim
318 3211 376 3274 tela
395 3213 508 3282 ierunt:
528 3215 598 3275 lieet
619 3216 723 3292 ingens
742 3216 849 3275 ianitor
870 3222 955 3274 antro
1131 3228 1183 3282 eoo

164 3301 318 3354 aeternum
338 3296 448 3358 latrans
471 3300 627 3374 exsanguis
651 3306 761 3358 torreat
782 3298 918 3367 umbras,

162 3384 241 3437 casta
263 3376 331 3439 lieet
350 3383 447 3458 patrui
469 3389 565 3442 servet
585 3381 761 3458 Proserpina
781 3381 878 3443 limen.

161 3459 268 3522 Troius
288 3463 417 3534 deneas,
436 3465 544 3544 pietate
566 3466 687 3544 insignis
708 3472 738 3526 et
758 3469 861 3536 armis,

162 3545 200 3606 ad
220 3548 384 3625 genitorem
405 3550 478 3610 imas
499 3548 589 3612 Erebi
610 3550 761 3614 deseendit
779 3552 817 3612 ad
837 3550 967 3613 umbras.
