2512 4096
182 264 243 331 362
496 277 527 325 Ρ.
549 274 692 341 venenu
713 274 870 324 unnours

182 431 302 511 spiritus
324 431 451 507 erumpit
471 428 581 490 fauces.
604 446 662 507 quo
684 437 788 489 cuncta
810 437 937 507 parante

182 512 319 595 parvulus
339 512 419 573 hunc
439 513 521 590 prior
542 513 653 572 umoris
675 518 825 572 conterret
847 510 990 574 alumnus

182 604 212 657 et
233 602 357 657 mortem
380 597 471 655 vitare
492 603 593 655 monet
613 613 668 673 per
689 596 839 656 acumina:
864 615 997 676 namque

182 698 239 760 qua
262 679 378 743 diducta
400 694 489 756 genas
510 677 679 756 pandebant
699 677 810 738 lumina
831 682 956 751 somnis,

181 763 237 824 hac
258 763 383 823 senioris
404 768 467 821 erat
488 769 601 822 mature
623 759 732 840 pupula
754 758 814 821 telo

183 854 259 907 tacta
279 843 429 919 leticum
451 843 588 923 prosiluit
609 842 785 904 furibundus
808 853 837 905 et
859 844 944 907 illum

181 929 321 990 obtritum
343 927 432 989 Morti
452 928 545 988 misit:
569 928 617 987 cui
639 927 757 987 dissitus
778 929 875 987 omnis

180 1015 299 1093 spiritus
322 1011 446 1072 excessit
465 1027 577 1071 sensus.
599 1018 662 1070 tum
683 1016 764 1070 torva
784 1017 938 1072 tenentem

180 1095 291 1157 lumina
312 1095 443 1172 respexit
456 1095 632 1172 'serpentem
655 1094 832 1163 comminus;
856 1094 928 1155 inde

180 1180 315 1259 impiger,
334 1178 497 1250 exanimus,
513 1177 558 1236 ux
581 1193 702 1254 compos
722 1183 821 1236 mento
842 1177 965 1256 refugit

181 1263 298 1322 nescius
320 1261 480 1339 aspiciens;
504 1261 593 1320 umor
615 1265 820 1319 occaecaverat
842 1269 933 1332 artus,

180 1362 253 1423 ergo
274 1343 374 1413 tardus
396 1349 474 1403 erat:
502 1344 597 1403 somni
618 1341 760 1419 languore
780 1350 896 1405 remoto

180 1428 237 1489 hoc
259 1428 356 1487 miuus
368 1425 516 1504 implicuit
531 1425 594 1485 dira
615 1425 772 1486 formidine
794 1432 934 1497 mentem,

180 1517 225 1571 set
246 1509 372 1570 validum
395 1509 495 1569 dextra
517 1516 654 1569 truncum
677 1509 803 1570 detraxit
824 1508 861 1569 ab
884 1528 961 1573 orno

181 1592 277 1673 (quam
300 1610 385 1652 casus
406 1592 525 1652 sociarit
545 1609 632 1670 opem
653 1608 797 1653 numenve
819 1591 945 1654 deorum

179 1675 308 1756 prodere
329 1677 367 1735 sit
389 1673 522 1744 dubium,
545 1673 635 1735 valuit
655 1674 707 1737 sed
728 1677 846 1736 vincere
868 1675 935 1738 talis

180 1757 299 1820 horrida
321 1757 468 1838 squamosi
488 1756 631 1817 volventia
652 1757 786 1818 membra
807 1758 955 1836 draconis)

180 1851 268 1922 atque
288 1839 459 1902 reluctantis
481 1839 594 1901 crebris
615 1840 758 1919 foedeque
779 1844 907 1920 petentis

178 1925 285 1986 ictibus
306 1942 371 1985 ossa
392 1923 473 1994 ierit,
497 1925 618 2002 cingunt
638 1943 696 2003 qua
716 1933 850 2004 tempora
871 1927 997 1988 cristae:

180 2027 268 2088 quern
290 2017 443 2087 postquam
466 2006 537 2067 vidit
558 2024 675 2068 caesum
696 2007 902 2085 languescere,
926 2010 1016 2073 sedit.
1150 2020 1191 2072 tol
1249 2014 1255 2081 Ἰ

221 2092 282 2152 lam
304 2092 398 2170 quatit
419 2097 449 2150 et
469 2089 576 2168 biiugis
598 2093 696 2151 oriens
716 2090 838 2152 Erebeis
861 2109 952 2171 equos
975 2095 1045 2156 Nox

180 2183 208 2235 et
229 2176 313 2254 piger
335 2180 437 2234 aurata
457 2174 591 2253 procedit
611 2173 722 2252 Vesper
744 2173 780 2234 ab
804 2173 885 2246 Oeta,
969 2230 973 2237 .

179 2276 246 2318 curn
268 2275 358 2336 grege
380 2256 531 2335 compulso
551 2264 652 2337 pastor
674 2255 889 2335 duplicantibus
911 2259 1032 2321 umbris

179 2340 257 2401 vadit
279 2348 309 2401 et
329 2341 359 2400 iu
382 2339 474 2400 fessos
495 2357 628 2418 requrem
651 2353 721 2401 nare
745 2347 897 2418 comparat
918 2350 1013 2404 artus.
1147 2352 1191 2404 tob

180 2425 263 2484 cuius
284 2432 317 2484 ut
337 2418 569 2484 intravit‘levior
590 2440 645 2501 per
667 2441 791 2502 corpora
813 2441 935 2485 somnus

178 2505 374 2585 languidaque
396 2506 486 2566 effuso
508 2508 680 2585 requierunt
701 2505 834 2567 membra
855 2524 974 2587 sopore,

179 2588 292 2666 effigies
314 2588 350 2649 ad
373 2606 439 2649 curn
462 2586 562 2649 culicis
584 2588 700 2649 devenit
721 2596 751 2649 et
771 2588 814 2649 illi

177 2673 269 2731 tristis
291 2670 327 2731 ab
350 2679 454 2730 eventu
477 2673 583 2731 cecinit
605 2673 734 2732 convicia
755 2675 868 2734 mortis.

177 2755 226 2813 ‘en
248 2754 330 2832 quid’
353 2754 394 2814 ait
413 2753 547 2814 ‘meritus
567 2753 604 2814 ad
626 2772 700 2833 quae
723 2754 836 2816 delatus
858 2756 983 2820 acerbas
1145 2769 1191 2822 tlt

178 2854 268 2915 cogor
290 2837 370 2898 adire
392 2837 484 2897 vices!
506 2843 556 2898 tua
578 2836 647 2898 dum
668 2839 741 2898 mibi
763 2841 859 2902 carior
880 2841 946 2919 ipsa

176 2921 235 2981 vita
256 2919 312 2980 iuit
332 2922 405 2990 vita,
428 2922 528 3000 rapior
549 2939 604 2999 per
625 2923 722 2982 inania
744 2923 860 2983 Averni.

177 3011 209 3064 tu
231 3002 328 3065 lentus
349 3003 465 3065 refoves
485 3006 611 3066 iucunda
633 3004 768 3066 membra
789 3006 895 3084 quiete,

177 3094 297 3165 ereptus
319 3089 420 3149 taetris
441 3106 457 3148 e
480 3087 626 3158 cladibus;
650 3096 679 3149 at
700 3106 766 3150 mea
787 3106 889 3150 manes

176 3171 287 3230 viscera
308 3170 451 3231 Lethaeas
472 3179 581 3249 cogunt
602 3179 756 3233 transnare
777 3190 831 3249 per
851 3171 962 3233 undas:
1149 3185 1193 3240 alt

176 3250 285 3328 praeda
311 3252 456 3315 Charonis
477 3272 560 3332 agor.
584 3254 670 3314 viden
693 3263 726 3316 ut
745 3255 898 3333 flagrantia
920 3257 1022 3320 taedis

177 3334 292 3405 limina,
315 3353 402 3414 marn
424 3337 524 3397 lucent
545 3336 670 3397 infernis
692 3340 790 3399 omnia
812 3337 949 3417 templis?

177 3416 260 3480 obvia
283 3417 458 3497 Tisiphone,
481 3420 667 3498 serpentibus
688 3421 818 3500 undique
840 3427 967 3501 compta,

178 3507 207 3560 et
228 3499 362 3562 flammas
385 3509 415 3563 et
435 3519 520 3562 saeva
541 3505 634 3582 quatit
655 3504 728 3565 mibi
749 3503 881 3565 verbera.
903 3522 985 3582 pone
