2512 4096
397 263 542 311 vissedun
557 259 682 309 sunnis
698 260 736 308 1x

59 414 844 578 magtmeafflffiefflluffimgffie
865 495 957 556 nimbi

58 592 88 652 in
110 588 183 650 vada
200 587 402 667 praecipitant,
425 600 492 645 cum
514 582 646 661 luppiter
666 580 806 642 horridus
826 581 933 642 austris
1017 584 1069 638 osb

59 677 178 751 torquet
199 686 339 749 aquosam
361 669 488 730 hiemem
510 673 539 727 et
556 665 637 728 caelo
658 683 727 726 cava
749 662 847 725 nubila
868 663 988 742 rumpit

101 755 252 818 Pandarus
274 760 303 815 et
324 752 423 820 Bitias,
444 751 532 812 ldaeo
553 749 698 810 Alcanore
721 750 802 819 creti,

60 858 135 919 quos
155 839 231 900 lovis
251 837 350 899 eduxit
370 834 437 897 luco
458 833 599 895 silvestris
615 831 697 893 laera
760 880 763 886 .

59 921 203 985 abietibus
221 922 341 982 iuvenes
361 919 464 998 patriis
487 923 515 978 et
537 915 685 978 montibus
704 933 822 994 aequos,

61 1012 188 1085 portam,
212 1022 287 1084 quae
308 1003 392 1065 ducis
412 1003 537 1080 imperio
560 1001 723 1072 commissa,
743 997 907 1067 recludunt,
1017 1003 1069 1056 oso

58 1090 127 1151 freti
148 1088 261 1158 animis,
283 1086 421 1166 unoque
441 1086 565 1147 invitant
585 1084 741 1146 moenibus
761 1084 886 1144 hostem.

59 1173 116 1251 ipsi
136 1172 215 1232 intus
235 1170 338 1233 dextra
358 1186 394 1237 ac
414 1169 496 1231 laeva
514 1187 569 1250 pro
586 1168 718 1231 turribus
740 1166 863 1234 adstant,

59 1256 164 1316 armati
186 1252 266 1315 lerro
289 1261 318 1315 et
340 1254 435 1314 cristis
456 1254 549 1331 capita
572 1251 628 1314 alta
650 1253 781 1314 corusci:

59 1335 160 1417 quales
181 1338 277 1399 adriae
298 1336 438 1417 liquentia
456 1335 577 1397 ilumina
595 1337 715 1404 choum

59 1422 120 1483 sive
141 1420 213 1482 Padi
233 1422 306 1499 ripis
323 1418 455 1482 Athesim
477 1438 530 1481 seu
550 1427 672 1500 propter
693 1435 858 1488 amoenum,

59 1510 243 1582 consurgunt
262 1504 397 1583 geminae
415 1520 545 1583 quercus
565 1505 740 1583 intonsaque
762 1501 842 1564 caelo

59 1586 194 1649 attollunt
214 1589 309 1667 capita
330 1594 360 1648 et
378 1586 496 1648 sublimi
517 1588 625 1648 vertice
643 1592 756 1648 nutam.

59 1673 231 1749 inrumpunt
252 1671 347 1732 aditus
368 1670 468 1732 Rutuli
488 1677 522 1732 ut
542 1671 641 1732 videre
659 1671 784 1751 patentis

60 1756 197 1816 continuo
216 1755 366 1826 Quercens
386 1763 416 1815 et
436 1753 560 1833 pulcher
581 1753 740 1834 uqncuus
762 1757 852 1816 armis

59 1844 88 1898 et
108 1855 252 1917 praeceps
272 1839 360 1899 animi
382 1835 508 1900 Tmarus
529 1844 558 1900 et
576 1838 732 1900 Mavortius
754 1839 884 1900 llaemon

59 1921 226 1998 agminibus
243 1922 325 1982 totis:
348 1927 377 1981 at
395 1923 471 1982 versi
491 1927 574 1998 terga
593 1921 704 1982 dedere

58 2009 109 2064 aut
129 2005 192 2082 ipso
211 2011 314 2081 portae
335 2020 461 2083 posuere
483 2005 514 2064 in
531 2002 630 2064 limine
651 2006 748 2064 vitam.

59 2094 122 2147 tum
142 2087 234 2164 magis
251 2089 417 2146 increscunt
435 2086 538 2147 animis
559 2085 743 2147 discordibus
764 2088 840 2153 irae;

59 2175 88 2229 et
109 2170 168 2229 iam
191 2166 304 2230 collecti
324 2167 417 2228 Troes
435 2168 635 2246 glomerantur
660 2168 764 2230 eodem

59 2258 89 2313 et
108 2250 245 2313 conferre
262 2269 382 2312 maneam
400 2257 428 2312 et
446 2269 625 2331 procurrere
642 2251 758 2329 longius
782 2253 898 2318 audent.

101 2335 222 2396 Ductori
239 2335 340 2396 Turno
355 2334 471 2396 diversa
491 2335 523 2395 in
544 2343 628 2414 parte
646 2334 754 2397 furenti

59 2417 250 2497 turbantique
269 2419 347 2479 viros
367 2417 518 2497 perfertur
539 2421 667 2489 nuntius,
689 2418 804 2482 hostem

58 2503 173 2564 fervere
195 2502 284 2562 caede
302 2518 375 2562 nova
396 2510 426 2564 et
446 2509 546 2581 portas
564 2503 709 2582 praebere
729 2505 865 2584 patentis.

59 2585 169 2647 deserit
188 2587 337 2665 inceptum
358 2593 445 2666 atque
464 2588 587 2648 immani
610 2589 741 2650 concitus
762 2590 806 2650 ira

59 2669 235 2731 Dardaniam
255 2672 316 2731 ruit
333 2670 372 2732 ad
394 2676 509 2749 portam
530 2671 693 2751 fratresque
712 2672 866 2752 superbos.

60 2760 89 2816 et
111 2755 240 2832 primum
256 2754 432 2834 Antiphaten
454 2755 488 2837 (is
510 2757 587 2818 enim
609 2758 775 2836 septimus
797 2756 921 2836 agebat),

59 2836 199 2899 Thebana
220 2838 256 2900 de
276 2845 369 2900 matre
389 2839 513 2902 nothum
533 2840 712 2919 Sarpedonis
734 2840 793 2912 alti,

60 2920 192 2981 coniecto
214 2922 318 2981 sternit
338 2921 448 2992 iaculo;
470 2922 548 2983 volat
565 2923 636 2985 ltala
654 2941 763 2984 cornus

59 3006 129 3063 adra
145 3019 201 3082 per
217 3008 351 3065 tenerum
373 3005 581 3084 stomachoque
601 3007 690 3066 iniixa
711 3006 765 3067 sub
786 3005 878 3067 altum

60 3092 161 3165 pectus
180 3085 255 3148 abitt
277 3087 374 3149 reddit
391 3104 497 3167 specus
518 3090 574 3150 atri
587 3088 713 3151 volneris
731 3090 857 3151 undam‘
1015 3098 1067 3149 τοο

57 3177 251 3247 spumantem,
271 3177 300 3233 et
319 3171 378 3232 dxc
399 3172 513 3234 lerrum
533 3174 564 3234 in
587 3171 727 3252 pulmone
747 3175 879 3252 tepescit.

57 3259 121 3314 tum
135 3254 285 3334 bleropem
299 3262 387 3335 atque
401 3256 560 3337 Erymanta
576 3275 675 3328 manu,
695 3264 756 3320 tum
771 3259 876 3320 sternit
888 3257 1064 3337 Aphidnum,

57 3346 120 3397 tum
142 3336 237 3398 Ritian
257 3338 409 3400 ardentem
430 3339 523 3402 oculis
542 3342 705 3421 animisque
725 3340 898 3405 frementem

57 3438 119 3481 ncn
137 3419 232 3483 iaculo
256 3421 361 3502 (neque
384 3426 462 3486 eninr
484 3425 578 3487 iaculo
600 3427 688 3486 vitam
704 3425 753 3488 ille
773 3427 919 3508 dedisset),

56 3506 110 3567 sed
128 3522 268 3583 magnum
288 3505 414 3568 stridens
435 3516 568 3570 contorta
587 3508 735 3587 phalarica
753 3512 840 3582 venit,
1014 3518 1064 3568 suu
