2512 4096
347 190 491 266 vunonr
513 178 714 265 ouoncrcou
737 216 791 263 1111

1033 201 1074 262 79

60 372 108 435 ier
130 371 252 433 stabulis
272 371 422 433 inimicum
443 372 540 448 ignem
563 377 650 447 atque
671 371 803 432 interiise
823 369 936 440 messis,
1023 379 1075 434 3³⁰

59 473 117 518 ure
139 462 216 526 sata,
239 462 268 516 et
289 455 393 516 duram
414 455 445 515 in
466 454 530 514 vitis
552 453 655 514 molire
676 453 848 532 bipennem,

61 544 141 600 mota
163 556 246 600 meae
267 540 292 599 si
313 546 342 598 te
363 545 507 616 ceperunt
527 537 621 602 taedia
642 535 761 597 laudis.'

61 630 91 684 at
112 628 208 683 mater
228 623 356 682 sonitum
378 620 504 681 thalamo
527 621 582 681 suh
605 621 732 680 lluminis
753 620 801 681 alti

60 705 160 766 sensit.
205 723 270 766 eam
293 706 403 765 circum
425 704 534 766 llilesia
556 703 662 765 vellere
685 704 829 782 nymphae

62 787 224 865 carpebant
245 787 321 866 hyali
343 795 442 848 saturo
465 788 562 848 iucata
585 787 692 856 colore,

60 871 232 950 Drymoque
253 871 428 950 Xanthoque
449 871 597 949 Ligeaque
617 869 860 950 Phyllodoceque,

62 956 222 1016 caesariem
244 955 352 1016 effusae
374 954 494 1016 nitidam
516 972 570 1033 per
592 954 714 1015 candida
736 952 819 1024 colla,

61 1038 250 1118 Cydippeque
272 1045 301 1099 et
322 1038 396 1098 flava
418 1039 569 1118 Lycorias,
592 1036 682 1098 altera
704 1039 796 1115 virgo,

60 1121 237 1184 alteratum
259 1123 369 1199 primos
391 1122 518 1184 Lucinae
540 1129 659 1200 experta
681 1119 806 1188 labores,

60 1205 182 1286 Clioque
205 1213 234 1265 et
255 1205 351 1264 Beroe
373 1223 472 1274 soror,
497 1204 679 1266 Oceanitides
701 1203 829 1272 amhae,

60 1288 167 1350 amhae
189 1306 278 1357 auro,
301 1289 390 1366 pictis
407 1289 551 1348 incinctae
572 1287 697 1366 pellibus
718 1286 830 1355 amhae,

60 1379 149 1451 atque
171 1371 290 1451 Ephyre
313 1377 400 1451 atque
423 1369 493 1448 Opis
515 1378 545 1431 et
565 1372 630 1431 Asia
652 1372 779 1447 Deiopea

59 1463 90 1518 et
112 1456 231 1516 tandem
253 1454 356 1532 positis
377 1453 461 1514 velox
482 1454 627 1515 Arethusa
649 1455 769 1531 sagittis.

61 1542 138 1603 iuter
161 1556 234 1618 quas
257 1555 358 1617 curam
381 1536 518 1616 Clymene
540 1537 679 1598 narrabat
699 1539 814 1598 inanem

63 1621 195 1692 Volcani,
218 1621 377 1700 Martisque
400 1620 483 1681 dolos
505 1629 534 1681 et
555 1619 650 1682 dulcia
672 1621 758 1690 fortae

62 1724 138 1785 aque
160 1704 239 1767 Chao
262 1705 370 1771 densos
392 1704 489 1765 divom
510 1705 685 1765 numerabat
706 1723 830 1765 amores.

65 1790 195 1850 carmine
218 1807 276 1868 quo
299 1795 401 1867 captae
424 1788 494 1850 dum
516 1788 588 1849 lusis
610 1787 706 1848 mollia
727 1806 817 1867 pensa

64 1871 233 1942 devolvent,
256 1873 363 1933 iterum
384 1880 533 1934 maternas
555 1872 669 1950 impulit
690 1873 768 1932 auris

62 1954 161 2016 luctus
182 1954 321 2026 Aristaei,
343 1957 500 2034 vitreisque
522 1954 661 2016 sedilibus
683 1973 786 2015 ornnes

63 2039 248 2118 opstipuere;
292 2039 344 2100 sed
366 2046 433 2100 ante
455 2039 525 2099 alias
545 2039 690 2099 Arethusa
712 2054 829 2098 sorores

62 2122 246 2201 prospiciens
268 2140 382 2184 summa
403 2123 509 2184 ssavom
531 2129 618 2199 caput
639 2119 740 2181 extulit
761 2120 854 2187 unda,

63 2213 93 2268 et
114 2205 233 2284 procul:
278 2214 311 2266 ‘o
333 2208 442 2284 gemitu
463 2223 523 2265 uon
545 2206 653 2265 irustra
676 2205 821 2264 exterrita·
835 2210 930 2273 tanto,

62 2290 178 2370 Cyrene
200 2305 299 2359 soror,
322 2289 384 2367 ipse
405 2288 473 2359 tihi,
496 2296 545 2350 tua
566 2289 691 2348 maxima
714 2305 799 2356 cura,

63 2373 155 2435 tristis
177 2373 326 2433 Aristaeus
348 2373 437 2432 Penei
458 2374 599 2449 genitoris
621 2371 657 2432 ad
678 2371 786 2432 undam

63 2464 121 2518 stat
142 2454 312 2525 lacrimans,
336 2461 365 2516 et
386 2461 414 2516 te
437 2454 586 2517 crudelem
608 2456 725 2516 nomine
747 2453 836 2514 dicit!

63 2540 134 2601 huic
155 2555 295 2616 percussa
316 2557 391 2599 nova
413 2547 540 2600 mentem
562 2539 716 2599 formidine
738 2544 832 2598 mater

65 2623 155 2692 'due,
177 2640 246 2700 age,
269 2622 327 2683 duc
348 2622 384 2682 ad
405 2640 476 2692 nos;
520 2623 565 2683 ias
586 2622 627 2683 illi
648 2621 746 2683 limina
768 2623 862 2682 divom

65 2703 200 2783 tangere'
224 2707 271 2765 ait.
316 2704 479 2766 simulalta
501 2705 583 2766 iubet
604 2706 754 2766 discedere
776 2705 832 2765 late

65 2789 201 2857 llumina,
226 2805 282 2867 qua
305 2788 414 2849 invenis
436 2805 555 2865 gressus
576 2789 707 2850 inferret.
753 2787 883 2848 atilium

67 2880 185 2934 curvate
207 2872 238 2932 in
260 2873 366 2931 montis
389 2871 491 2932 iaciem
515 2873 706 2932 circumstetit
726 2872 804 2931 unda

67 2955 237 3035 accepitque
260 2957 325 3016 sinu
347 2961 426 3015 vasto
448 2956 585 3032 misitque
606 2953 660 3014 suh
684 2971 808 3014 amnem.

67 3040 183 3117 iamque
205 3039 324 3100 domurn
346 3040 455 3099 mirans
477 3038 632 3114 genetricis
655 3044 683 3096 et
704 3037 801 3096 umida
823 3053 913 3112 regna

67 3120 273 3202 speluncisque
295 3122 376 3185 lacus
399 3121 513 3182 clausos
534 3119 675 3198 lucosque
697 3120 826 3178 sonantis

68 3205 143 3275 ibat,
166 3212 195 3266 et
216 3207 326 3284 ingenti
347 3213 429 3267 motu
451 3203 631 3283 stupefactus
653 3220 795 3282 aquamm

69 3291 165 3349 omnia
188 3288 242 3349 suh
265 3307 370 3367 magna
391 3289 517 3351 labentia
539 3288 658 3348 flumina
680 3295 760 3348 terra

69 3460 171 3517 Nesaee
193 3458 313 3533 Spioque
335 3459 480 3535 'lhaliaque
502 3459 705 3534 Cymodoceque
