2512 4096
399 318 542 368 vurtuffl
558 318 685 366 sunnis
701 318 764 365 VIII

63 477 335 558 amphitryoniades
357 484 489 536 armenta
514 475 686 552 abitumque
709 483 838 552 pararet,

63 563 194 622 discessu
216 561 332 638 mugire
353 560 443 621 boves
464 565 553 638 atque
575 575 663 618 omne
684 556 823 638 querellis

62 644 178 724 impleri
195 661 299 706 nemus
318 651 348 705 et
368 642 459 704 colles
483 640 612 704 clamore
631 640 768 721 relinqui.

63 729 191 790 reddidit
210 745 269 790 una
292 727 399 789 bovom
419 745 522 788 rocem
546 733 686 807 vastoque
707 725 762 786 sub
785 731 869 784 antro

60 815 166 891 mugiit
184 821 215 876 et
236 811 304 873 Caci
324 829 409 891 spem
429 811 571 872 custodita
592 809 704 871 fefellit.

60 897 109 958 hic
130 914 200 959 vero
221 895 341 957 Alcidae
362 895 447 956 furiis
469 903 620 957 exarserat
642 903 706 956 atro

62 979 129 1042 telle
151 979 252 1042 dolor:
275 981 353 1058 rapit
372 997 455 1040 arma
477 996 568 1040 manu
587 979 731 1058 nodisque
753 986 905 1055 gravatum

61 1063 154 1124 robur
178 1074 207 1125 et
223 1065 295 1124 aerii
315 1081 406 1124 cursu
424 1063 498 1143 petit
519 1063 611 1124 ardua
631 1065 749 1124 montis,

62 1159 125 1208 tum
146 1149 275 1226 primum
294 1148 387 1208 nostri
407 1147 515 1209 Cacum
535 1147 636 1209 ridere
656 1149 808 1209 timentem

61 1230 272 1311 turbatumque
294 1229 402 1291 oculis:
424 1232 501 1307 fugit
520 1229 601 1292 ilicet
622 1232 704 1292 ocior
725 1247 797 1291 euro

61 1315 293 1395 speluncamque
314 1315 388 1392 petit
412 1313 546 1392 (pedibus
566 1316 655 1375 timor
674 1314 787 1376 addidit
808 1311 888 1391 alas).

62 1408 95 1460 ut
116 1417 181 1460 sese
200 1398 319 1460 inclusit
340 1402 497 1478 ruptisque
516 1400 645 1459 immane
666 1399 776 1459 eatenis

63 1484 171 1544 deiecit
189 1500 303 1552 saxum,
323 1481 403 1543 ferro
428 1482 507 1562 quod
529 1491 558 1544 et
578 1491 641 1543 arte
661 1489 784 1561 paterna

62 1566 222 1645 pendebat,
233 1565 381 1646 fultosque
402 1568 526 1628 emuniit
547 1567 632 1628 obice
653 1569 756 1647 postis,

63 1669 132 1712 ecee
152 1651 254 1713 ferrens
273 1650 377 1711 animis
397 1651 500 1711 aderat
520 1651 691 1730 Tirynthius
712 1667 889 1729 omnemque

62 1752 213 1796 accessum
234 1734 364 1796 lustrans
386 1734 445 1796 huc
466 1752 518 1795 ora
539 1734 654 1796 serebat
676 1743 705 1796 et
725 1733 804 1803 illuc,

62 1817 200 1880 dentibus
221 1819 402 1881 infrendens.
435 1829 482 1881 ter
502 1829 596 1881 totum
617 1819 747 1880 fervidus
768 1821 812 1878 ira

61 1903 165 1963 lustrat
185 1904 320 1965 Aventini
342 1913 481 1971 montem,
504 1913 550 1964 ter
573 1921 659 1963 saxea
681 1910 803 1980 temptat

61 1986 162 2047 limina
182 1988 370 2066 nequiquam,
391 1994 438 2047 ter
457 1986 552 2047 fessus
574 1985 648 2046 valle
668 1985 786 2046 resedit.

62 2067 157 2129 stabat
178 2079 263 2130 acuta
285 2069 367 2138 silex,
389 2070 531 2147 praecisis
549 2068 679 2147 undique
700 2070 777 2129 saxIs

63 2151 223 2230 speluncae
239 2153 328 2212 dorso
349 2153 515 2229 insurgens,
539 2152 677 2211 altissima
697 2153 770 2219 visu

62 2238 195 2297 dirarum
215 2236 292 2296 nidis
309 2234 415 2296 domus
439 2243 605 2313 opportuna
625 2233 789 2296 volucrum.

62 2322 148 2389 banc,
172 2330 204 2381 ut
221 2337 316 2398 prona
338 2321 406 2396 iugo
426 2317 539 2379 laevom
558 2317 747 2379 incumbebat
768 2318 799 2378 iu
826 2335 952 2384 amnem,

63 2406 167 2466 dexter
187 2406 218 2464 iu
240 2404 396 2464 adversum
417 2404 514 2464 nitens
535 2403 683 2464 concussit
706 2410 736 2464 et
754 2403 819 2463 imis

65 2486 195 2548 avolsam
212 2487 297 2548 solvit
316 2487 481 2557 radicibus;
502 2487 571 2548 inde
591 2493 715 2566 repente

63 2571 176 2649 inpulit,
198 2571 317 2650 inpulsu
339 2589 399 2649 quo
420 2573 565 2633 maximus
586 2575 701 2632 intonat
722 2572 833 2641 aether,

63 2654 216 2717 dissultant
235 2657 319 2735 ripae
339 2654 498 2734 refluitque
518 2657 675 2718 exterritus
695 2659 799 2718 amnis.

62 2752 90 2801 at
113 2758 218 2818 specus
240 2750 270 2803 et
291 2741 359 2803 Caci
380 2741 494 2802 detecta
516 2743 650 2820 apparuit
669 2743 775 2818 ingens

63 2825 153 2901 regia,
175 2835 206 2886 et
223 2825 383 2886 umbrosae
404 2826 524 2903 penitus
542 2833 665 2903 patuere
684 2841 841 2886 cavernae:

63 2925 123 2967 non
138 2925 223 2968 secus
238 2925 274 2968 ac
293 2909 377 2986 siqua
399 2908 515 2985 penitus
536 2910 564 2967 vi
583 2914 663 2969 terra
687 2907 842 2970 dehiscens

64 2989 195 3049 infernas
217 2995 331 3051 reseret
351 2989 437 3051 sedes
460 2996 489 3050 et
509 3007 601 3066 regna
620 2991 753 3052 recbrdat

64 3071 181 3152 pallida,
204 3073 248 3135 dis
269 3073 370 3142 inrisa,
393 3091 542 3152 superque
561 3076 690 3135 lmmane
706 3073 879 3133 barathrum

64 3164 212 3227 cernatur,
235 3157 383 3236 trepident
401 3158 522 3218 inmisso
543 3156 654 3218 lumine
675 3174 786 3219 manes.

64 3257 137 3318 ergo
156 3242 304 3318 insperata
326 3242 505 3322 deprensum
524 3240 590 3302 luce
611 3250 735 3320 repente

65 3323 271 3404 inclusumque
292 3343 363 3386 cavo
384 3343 454 3386 saxo
477 3334 564 3405 atque
584 3328 698 3387 insueta
719 3325 875 3387 rudentem

66 3411 194 3488 desuper
215 3407 331 3469 Alcides
351 3408 417 3470 telis
438 3411 546 3488 premit
568 3411 723 3489 omniaque
742 3427 824 3470 arma

65 3494 187 3554 aduocat
205 3501 235 3552 et
255 3493 346 3552 ramis
367 3494 512 3572 vastisque
533 3493 695 3555 molaribus
714 3495 812 3554 instat.

66 3576 115 3638 ille
135 3585 234 3638 autem
257 3575 363 3657 (neque
386 3576 465 3637 enim
486 3576 555 3654 luga
574 3579 632 3639 iarn
653 3594 743 3657 super
763 3576 822 3638 ulla
844 3572 957 3657 pericli)
