2512 4096
337 257 367 305 P.
384 257 528 306 vrsrtfflnt
549 253 704 305 MAROMIS
726 255 919 307 usurario.
1072 257 1136 306 XIX

123 417 303 490 transpadana
322 424 350 474 et
370 417 487 474 Asinius
505 417 597 474 Pollio
618 425 650 472 ut
670 416 785 473 diximus
811 417 917 491 legatus
938 425 965 472 et
987 417 1138 475 Cornelias

126 502 239 573 Gallus,
264 503 336 557 cuia
357 499 455 557 leiris
471 501 595 576 exigendi
615 502 743 574 pecunias
765 499 797 556 ab
818 502 857 556 cis
878 501 1046 574 municipiis,
1070 517 1138 575 quo·

124 601 183 640 rum
209 587 267 660 agri
291 587 320 642 iu
344 585 390 640 illa
416 587 531 660 regione
551 601 607 641 non
632 584 832 648 dividebantur,
858 601 957 640 munus
983 584 1136 642 mandatum

123 676 181 724 erat
190 662 221 740 ¹).
245 670 286 725 his
301 670 387 744 igitur
397 669 554 726 auctoribus
569 671 641 726 inter
652 677 806 726 ceterorum
817 669 971 743 supplicum
986 668 1137 726 multitudi-

123 768 184 808 nem
199 751 309 810 llomam
321 769 351 810 se
363 753 478 810 contulit
492 761 581 826 pocta,
597 752 643 809 ubi
654 755 800 810 amicorum
815 754 967 827 potentium
982 754 1137 809 interventu

123 838 291 910 impetravit,
313 844 344 893 ut
358 836 517 894 Octavianus
537 854 592 893 non
613 839 744 894 inmemor
765 837 881 893 sortasse
896 837 1045 894 communis
1066 835 1137 911 apud

122 921 261 977 rhetorem
282 921 438 995 disciplinae
459 937 507 977 sna
521 921 673 978 Maronibus
694 923 849 978 restitutum
870 922 904 977 iri
923 913 1135 996 promitteret2).

208 1003 241 1061 lit
251 1004 344 1062 reduci
355 1005 444 1062 Andes
458 1013 603 1079 postquam
615 1005 737 1062 redditus
749 1015 791 1062 est
802 1022 876 1081 ager,
893 1006 921 1060 in
934 1009 1031 1078 primo
1042 1005 1137 1079 ecloga

123 1091 224 1162 gratias
240 1088 384 1146 Octaviano
406 1091 531 1145 maximas
552 1092 588 1147 ita
609 1089 688 1152 dixit,
711 1098 741 1145 ut
756 1098 923 1164 quantopere
944 1089 1033 1145 simile
1053 1088 1136 1145 bene·

123 1171 214 1228 ficium
240 1175 336 1230 ceteris
363 1189 472 1248 quoque
501 1172 651 1230 Mantuanis
676 1181 830 1247 exoptaret,
861 1174 1016 1231 introducta
1040 1174 1136 1229 misera

123 1254 250 1312 Meliboei
270 1256 399 1330 fugientis
426 1260 538 1331 patriam
564 1274 680 1332 persona
700 1257 876 1332 significaret.
917 1265 944 1312 at
971 1264 1066 1312 exorto
1090 1273 1135 1312 cx·

123 1453 282 1504 Mantuanus
299 1452 380 1518 crat),
399 1457 479 1505 donec
496 1457 582 1506 inedia
598 1464 765 1516 morerentur,
784 1457 850 1506 ande
868 1457 1004 1505 molernum
1015 1455 1135 1505 Mantua·

123 1522 163 1570 nis
185 1536 264 1585 saper
286 1522 430 1572 amittendis
452 1524 522 1588 apris
544 1525 627 1574 intulit
646 1527 746 1580 Vanis,-
774 1523 881 1589 Ver-pilio
905 1529 987 1573 ioman
1007 1525 1134 1588 pepercit,

124 1591 242 1654 quantam
261 1590 448 1654 condiscipulus
470 1592 524 1640 eius
543 1591 651 1653 facerat!
681 1606 750 1657 quae
767 1591 808 1640 sic
831 1594 939 1640 tantum
957 1589 993 1640 ad
1015 1590 1137 1655 aliquam

123 1654 350 1720 probabilitatem
368 1657 458 1722 redigi
470 1662 498 1708 et
512 1673 573 1708 cum
585 1658 719 1710 Serviano
732 1658 835 1709 scholio
849 1657 993 1709 conciliari
1011 1662 1136 1723 possunt,

123 1727 154 1773 ut
174 1726 314 1774 statuatur
330 1723 472 1790 Alphenor
484 1726 573 1776 Varus
587 1726 775 1790 “Mantuanus
793 1725 919 1791 idemque
936 1742 980 1776 ma
1002 1726 1136 1787 'stratus’

124 1793 255 1856 quaestor
271 1790 403 1852 fortasse,
424 1807 484 1842 cum
502 1793 636 1844 tributum
653 1795 788 1845 indictum
811 1793 917 1844 solvere
935 1793 983 1842 nol
995 1797 1042 1842 ent
1059 1792 1137 1855 Man·

123 1857 216 1920 tuoni,
245 1872 346 1924 peoora
369 1859 438 1910 ciris
463 1876 497 1909 ex
522 1861 746 1926 locupletissimis
769 1861 894 1920 Octavii,
924 1875 993 1926 quae
1016 1860 1046 1909 in
1070 1875 1136 1925 agro

123 1924 235 1988 publico
257 1926 422 1991 pascebant,
445 1928 553 1992 pignori
575 1930 697 1993 cepisse,
727 1929 827 1994 quibus
847 1927 941 1978 inedia
963 1927 1137 1991 interemptis

122 1994 212 2043 iratus
225 1992 357 2046 Octavius
368 1997 466 2060 postea
478 1996 691 2047 Mantuanorum
704 2012 799 2061 agrum
812 1995 990 2045 Cremonensi
1005 1994 1137 2043 adiunxe-

123 2061 170 2110 rit.
205 2075 268 2110 nam
285 2061 375 2111 Varus
394 2063 503 2112 omnino
520 2064 606 2114 IIIvir
627 2065 702 2128 agris
721 2062 901 2127 adsignandis
920 2066 978 2110 tum
996 2074 1050 2110 non
1068 2059 1136 2109 fuit:

124 2141 190 2192 ergo
208 2128 357 2179 Beruensis
376 2129 525 2180 scholiasta
542 2131 609 2178 Vari
627 2137 655 2180 et
673 2130 786 2179 Octavii
809 2129 919 2178 nomina
942 2128 983 2176 ita
1002 2126 1135 2190 confudit,

122 2199 155 2244 ut
172 2192 221 2245 ubi
238 2195 340 2245 Varum
359 2194 426 2245 dicit
438 2196 586 2258 Octavius,
603 2197 651 2246 ubi
665 2194 812 2245 Octavium
824 2193 913 2244 Varus
931 2193 1136 2259 intellegendus

123 2263 170 2312 sit.
212 2276 326 2327 cumque
350 2277 422 2311 anno
446 2261 553 2311 demum
576 2264 624 2311 tta
648 2262 881 2326 provincia-esse
905 2261 1019 2312 desierit
1042 2261 1136 2312 Gallia

123 2327 273 2393 cisalpina,
293 2342 456 2393 quamquam
473 2329 529 2377 iam
544 2343 616 2378 anno
634 2331 682 2379 705
702 2328 894 2393 transpadanis
911 2343 1018 2394 quoque
1036 2329 1136 2379 civitas

122 2397 249 2446 Romana
272 2394 338 2445 data
362 2399 417 2458 est,
446 2395 566 2446 fortasse
590 2397 663 2446 intra
689 2395 740 2446 hos
766 2397 841 2460 ipsos
864 2411 951 2446 annos
974 2398 1009 2446 lis
1030 2396 1079 2446 illa
1103 2396 1136 2447 de

123 2462 229 2513 tributo
248 2462 379 2513 solvendo
397 2467 459 2513 orta
477 2467 529 2512 est.
564 2462 711 2514 Octavium
728 2470 819 2515 autem
836 2465 944 2515 Musam
967 2465 1039 2513 inter
1058 2463 1136 2513 iami-

122 2529 207 2581 liares
226 2533 325 2596 poetae
343 2530 429 2581 fuisse
448 2531 591 2596 probabile
608 2529 638 2580 fit
657 2531 740 2582 catal.
757 2530 833 2583 XIII.
851 2530 943 2594 XIIII,
963 2531 1059 2581 culicis
1077 2546 1103 2581 v.
1122 2533 1136 2580 1

124 2602 153 2648 et
165 2599 211 2662 25,
230 2597 259 2648 id
278 2597 351 2663 quod
369 2597 424 2648 alio
442 2598 504 2649 loco
516 2613 578 2649 mox
596 2599 799 2650 demonstrabo.
825 2605 946 2650 ceterum
959 2598 995 2647 cf.
1013 2596 1136 2663 prolegg.

123 2682 150 2730 p.
168 2667 185 2715 4
200 2681 260 2732 sqq.
291 2664 324 2715 de
343 2665 441 2717 Arrio
458 2667 583 2731 inprimis
594 2666 772 2718 memorabile
791 2666 979 2718 testimonium
992 2664 1083 2714 Servii
1101 2665 1137 2714 ad

124 2732 176 2784 ecl.
195 2734 209 2784 I
226 2734 273 2783 48:
291 2736 364 2782 ‘nam
381 2749 398 2782 a
415 2742 496 2784 monte
513 2749 592 2799 arque
609 2737 645 2784 ad
662 2737 741 2785 lacum
757 2742 783 2784 et
800 2736 859 2785 inde
876 2733 1003 2800 usquead
1019 2732 1137 2781 arborem

124 2802 251 2867 quandam
266 2799 354 2863 fuerat
371 2800 452 2851 Arrio
471 2803 568 2851 donata
584 2803 736 2866 possessio’‚
756 2800 863 2866 rquua
880 2801 943 2850 vide
962 2800 1045 2849 infra.

192 2865 213 2931 ¹)
233 2866 344 2918 Servius
362 2866 398 2917 ad
417 2866 467 2919 eal.
486 2870 524 2918 VI
542 2871 583 2918 64.

191 2933 213 2996 ²)
233 2936 383 2985 ‘insinuatus
395 2935 509 2999 Augusto
518 2952 570 3000 per
582 2936 723 2987 Cornelium
736 2935 840 2992 Gallam,
853 2936 1048 2999 condiscipulam
1059 2949 1136 2991 caum,

122 3002 276 3067 promeruit·
285 3009 314 3051 at
333 3016 410 3066 apros
430 3017 490 3053 suos
506 3006 648 3068 reciperet’
671 3002 776 3055 Probus
795 3019 821 3068 p.
841 3003 856 3051 6
874 3003 907 3053 Κ.
930 3001 1085 3052 Meliboeus
1108 3003 1152 3050 in¹

125 3068 175 3122 ccl.
189 3069 203 3118 1
221 3083 271 3134 pro
284 3067 411 3119 Cornelio
424 3068 504 3120 Gallo
521 3076 622 3120 temere
640 3071 759 3121 habetur
777 3069 850 3135 apud
864 3068 998 3119 Servium.
1018 3070 1136 3132 ‘perdito

123 3152 186 3202 erpo
199 3150 262 3201 apro
279 3135 401 3200 Vispilius
414 3135 514 3186 Romam
525 3141 592 3188 uenit
605 3145 629 3188 ci
644 3140 784 3201 potentium
800 3139 891 3199 fanore
903 3137 993 3186 merarii
1009 3144 1037 3186 at
1050 3151 1137 3200 aprum

123 3220 193 3256 mum
215 3206 284 3254 solas
305 3205 448 3267 reciperet’
472 3203 585 3255 Servius
612 3205 699 3270 praef.
729 3204 821 3255 bucol.
847 3205 960 3253 ‘amusos
983 3218 1044 3268 erpo
1067 3205 1137 3266 apris

125 3272 307 3322 Romamoanii
319 3277 344 3322 ei
355 3287 415 3321 nasu
429 3274 573 3335 patrocinia
594 3273 715 3324 Pollionis
734 3279 759 3321 et
777 3273 938 3324 Maecenatis
955 3274 1023 3321 seha
1041 3285 1136 3334 aprum,

124 3354 196 3406 quem
214 3340 345 3398 ammaum,
363 3340 480 3404 recipere
491 3343 596 3391 meruit’
616 3339 744 3404 (racipere
757 3356 808 3393 om.
822 3336 878 3402 BP)
899 3339 1011 3389 Servius
1029 3338 1058 3386 in
1070 3338 1137 3385 vita,

124 3406 208 3457 ‘ande
231 3420 285 3455 cam
308 3407 417 3457 omnibus
439 3408 591 3460 Mantuanis
612 3408 670 3474 apri
692 3413 870 3470 asperi-eatur,
895 3406 963 3471 qaod
985 3404 1138 3453 Antaniaaia

124 3473 243 3540 partibus
257 3473 400 3534 favissent,
415 3473 471 3526 huic
487 3478 538 3527 soli
554 3477 694 3527 coacessit’
715 3473 843 3540 (Caesar)
863 3472 995 3523 ‘memoria
1013 3469 1137 3521 condisci-

122 3544 241 3607 pulatus'
260 3538 320 3589 vita
337 3540 419 3593 Bern.

888 3624 934 3684 b*
