2512 4096
527 266 669 315 VERGILI
691 265 830 314 ECLOGA
850 267 874 313 X

321 422 489 484 audieram?
512 438 652 482 numeros
673 421 808 490 memini,
832 421 856 480 si
877 418 967 480 verba
989 427 1140 486 tenerem.
1176 437 1206 490 45

324 505 461 582 ‘Daphni,
485 503 555 583 quid
576 507 711 583 antiquos
732 504 884 581 signorum
905 504 1032 582 suspicis
1054 510 1160 570 ortus?

322 607 391 650 ecce
413 589 530 650 Dionaei
552 588 695 666 processit
716 586 846 648 Caesaris
868 594 990 658 astrum,

323 680 447 742 astrum,
471 691 528 769 quo
549 679 663 768 segetes
685 670 847 748 gauderent
868 670 1003 748 frugibus
1028 682 1057 736 et
1081 694 1141 756 quo

324 756 446 817 duceret
466 757 571 834 apricis
592 757 623 814 in
646 753 769 815 coitibus
790 772 845 815 uva
868 753 1008 818 colorem.

321 841 428 908 insere
445 840 567 916 Daphni,
584 840 680 916 piros;
705 845 826 935 carpent
839 844 888 899 tua
904 856 993 916 poma
1007 841 1154 920 nepotes!
1175 856 1207 908 so

299 952 304 974 ι
324 924 367 983 M.
395 921 498 983 Omnia
518 923 588 991 ters,
611 927 698 989 aetas,
718 918 850 1037 animum
878 939 1011 1002 quoque;
1041 942 1133 1004 saepe
1156 944 1206 1006 ego

281 1031 296 1071 t
710 1054 716 1072 ,
864 1036 883 1076 :
959 1005 1067 1086 longos

301 1079 466 1151 'cantando
487 1107 613 1169 puerum
634 1076 761 1172 memini
774 1107 834 1186 me
843 1089 971 1152 condere
992 1091 1088 1153 soles.

323 1191 403 1235 nunc
424 1172 513 1234 oblita
534 1174 605 1234 mihi
626 1180 670 1232 tot
691 1173 837 1242 carmina;
864 1190 920 1233 vox
942 1191 1062 1254 quoque
1084 1175 1206 1238 Moerim

204 1293 213 1337 e
322 1258 379 1318 iam
401 1258 503 1335 sugit
495 1274 572 1335 ipsa3
595 1256 656 1334 lupi
677 1256 800 1317 Moerim
820 1256 919 1324 ridere
940 1258 1066 1334 priores

322 1342 373 1402 secl
395 1349 493 1403 tamen
514 1342 571 1402 ista
592 1341 661 1400 satis
682 1339 791 1401 reseret
811 1339 863 1402 tihi
885 1359 971 1418 saepe
992 1341 1151 1406 Menalcas.
1174 1358 1206 1420 5⁵

322 1425 356 1486 L.
380 1424 531 1486 Causando
553 1431 669 1484 nostros
690 1424 720 1482 in
741 1423 860 1502 longum
883 1424 965 1486 ducis
987 1443 1116 1489 amores.

243 1574 265 1583 n
295 1510 301 1583 3'
323 1514 352 1568 et
372 1525 451 1569 nunc
472 1526 560 1569 omne
579 1507 632 1568 tihi
654 1512 777 1568 stratum
798 1506 864 1568 silet
885 1526 1010 1587 aequor,
1040 1518 1070 1571 et
1092 1529 1204 1584 omnes,

294 1594 300 1663 ξ
322 1592 432 1669 aspice,
455 1593 565 1653 ventosi
588 1591 755 1653 ceciderunt
776 1593 935 1653 murmuris
956 1611 1056 1655 aurae.

322 1674 390 1735 hinc
411 1675 484 1736 adeo
505 1675 600 1736 media
622 1682 667 1735 est
687 1674 771 1735 nobis
792 1675 850 1744 via;
873 1693 1000 1755 namque
1014 1677 1206 1758 sepulchrum

321 1759 423 1836 incipit
444 1776 586 1837 apparere
607 1758 753 1818 Bianoris:
776 1759 837 1829 hic,
859 1759 911 1821 ubi
932 1760 1038 1821 densas
1174 1775 1208 1831 σο

324 1841 468 1920 agricolae
490 1843 637 1920 stringunt
658 1841 789 1913 frondes,
814 1842 876 1913 hic,
899 1842 1005 1916 Moeri,
1029 1862 1186 1918 canamus;

322 1926 371 1986 hie
391 1926 502 1987 haedos
524 1928 652 2003 depone,
674 1933 772 1988 tamen
794 1927 944 1988 veniemus
965 1928 996 1988 in
1017 1929 1135 1992 urbem.

322 2009 372 2071 aut
393 2011 432 2080 si,
454 2028 514 2071 nox
535 2010 661 2088 pluviam
682 2027 720 2071 ne
742 2010 856 2088 colligat
879 2018 960 2081 ante,
982 2029 1131 2085 veremur,

322 2101 471 2156 cantantes
491 2093 560 2156 licet
579 2112 673 2174 usque
696 2094 801 2173 (minus
822 2095 866 2155 via
886 2093 984 2174 laedit)
1007 2113 1127 2167 eamus;

322 2185 470 2240 cantantes
491 2188 524 2240 ut
546 2196 660 2248 eamus,
684 2194 738 2255 ego
760 2178 817 2239 hoc
838 2187 867 2239 te
888 2179 967 2241 iasce
987 2178 1101 2242 ievaho.
1173 2193 1206 2247 65

324 2263 366 2320 M.
394 2261 499 2324 Desine
513 2262 614 2342 plura,
630 2280 720 2340 puer,
737 2268 766 2322 et
780 2262 858 2341 quod
872 2280 952 2324 nunc
965 2263 1054 2324 instat
1068 2281 1191 2343 agamus

323 2346 450 2407 carmina
471 2354 533 2408 tum
554 2346 671 2415 melius,
695 2347 894 2407 cumvenerit
915 2348 994 2424 ipse,
1018 2364 1169 2410 canemus.

678 2602 716 2688 X
808 2568 811 2575 .

611 2751 789 2800 tantvs.

320 2849 490 2910 Extremum
512 2850 607 2919 hunc,
629 2852 787 2921 Arethusa,
811 2851 881 2912 mihi
904 2850 1032 2911 concede
1053 2850 1192 2916 laborum

321 2951 414 3011 pauca
436 2951 502 2994 meo
525 2933 616 3005 Gallo,
639 2935 691 2996 sed
713 2954 787 3014 quae
807 2934 885 3012 legat
905 2934 967 3012 ipsa
989 2934 1121 3012 Lycoris,

323 3018 452 3078 carmina
473 3025 542 3078 sunt
562 3019 700 3080 dicenda:
722 3025 810 3097 neget
830 3020 895 3097 quis
918 3017 1047 3079 carmina
1069 3019 1175 3082 Gallo?

326 3101 368 3161 sic
390 3101 456 3171 tihi,
480 3120 547 3163 cum
568 3103 675 3163 ssuctus
696 3101 898 3181 supterlahere
920 3102 1050 3170 Sicanos,

322 3184 406 3245 Doris
428 3203 527 3247 amara
549 3204 632 3247 suam
653 3205 714 3246 non
735 3186 933 3246 intermisceat
954 3183 1080 3245 undam:
1192 3204 1207 3253 ⁶

290 3322 294 3333 ‚
325 3269 434 3346 incipe;
457 3268 595 3329 sollicitos
617 3269 691 3330 Galli
712 3271 843 3331 dicamus
864 3286 989 3339 amores,
1006 3285 1013 3295 ’·
1034 3275 1035 3278 ’

322 3351 392 3431 oum
414 3358 515 3412 tenera
536 3352 688 3416 attondent
709 3355 799 3415 simae
820 3353 943 3430 virgulta
966 3347 1106 3427 capellae.

270 3434 303 3451 “““
322 3452 381 3495 non
404 3436 533 3497 canimus
554 3436 664 3509 surdis,
687 3437 867 3516 respondent
888 3437 985 3496 omnia
1006 3431 1105 3497 silvae.

314 3545 317 3549 ⁴
367 3519 447 3591 Quae
461 3536 581 3582 nemora
596 3529 646 3583 aut
666 3524 716 3603 qui
736 3540 787 3582 ros
809 3519 899 3582 saltus
921 3519 1065 3589 habuere,
1089 3521 1209 3599 puellae
