2512 4096
203 251 267 317 238
530 265 677 324 ventum
694 279 819 331 anunm
831 275 878 327 vlt

207 442 236 495 et
256 434 390 493 iuvenem
412 431 552 491 monstris
572 429 667 508 pavidi
688 428 819 490 effudere
840 430 969 490 marinis.

206 515 283 576 illius
305 514 434 576 ardentis
455 513 527 574 haut
548 514 638 573 setius
656 530 784 591 aequore
805 514 900 592 campi

206 597 361 659 exercebat
382 614 473 675 equos
494 613 643 674 curruque
663 597 694 656 in
714 595 790 656 bella
811 596 924 656 ruebat.

248 682 313 759 lpse
332 683 409 742 inter
428 681 539 758 primos
559 679 719 758 praestanti
739 697 865 757 corpore
885 680 1002 739 Turnus

206 767 329 825 vertitur
352 782 432 824 mma
454 770 556 824 tenens
578 770 607 823 ct
625 769 689 823 toto·
707 764 815 825 vertice
834 780 923 841 supra
946 769 996 823 est.

206 849 253 908 cui
274 846 381 926 triplici
402 848 505 907 crinita
528 846 595 907 iuba
617 846 700 923 galea
721 846 778 907 alta
801 845 983 907 Chimaeram

206 931 337 1000 sustlnet,
355 931 500 990 Aetnaeos
522 929 671 990 cillantem
691 927 824 990 saucibus
842 930 933 1005 ignis:

205 1020 264 1074 tam
283 1014 375 1091 magis
396 1012 445 1072 illa
467 1013 596 1074 fremens
619 1020 648 1075 et
664 1012 796 1072 tristibus
818 1013 907 1073 effera
928 1011 1060 1078 flammis.

205 1114 294 1175 quam
315 1097 408 1174 magis
430 1097 521 1156 eliuso
544 1097 721 1157 crudescunt
742 1097 883 1172 sanguine
906 1111 1031 1173 pugnae.

205 1187 234 1240 at
255 1178 348 1241 levem
371 1179 496 1257 clipeum
513 1178 635 1240 sublatis
656 1177 795 1239 cornibus
811 1178 842 1239 lo

206 1281 277 1324 auro
299 1263 466 1340 insignibat,
485 1263 543 1322 iam
564 1263 651 1323 saetis
672 1261 774 1332 obsita,
796 1263 854 1322 lam
876 1261 930 1320 bos

206 1345 420 1423 (argumentum
443 1348 565 1424 ingens),
588 1352 617 1407 et
639 1355 736 1406 custos
753 1346 875 1422 ‘virginis
895 1346 989 1421 Argus

208 1428 376 1505 caelataque
398 1447 514 1490 amnem
533 1431 658 1490 lundens
679 1435 763 1507 pater
784 1428 910 1488 luacbus
927 1444 1010 1487 urna.

205 1512 368 1589 insequitur
390 1511 507 1573 nimbus
528 1512 660 1590 pediturn
683 1512 863 1590 clipeataque
884 1512 953 1570 totis

205 1595 322 1670 agmina
344 1593 504 1655 densentur
524 1597 643 1672 campis,
666 1596 831 1674 Argivaque
851 1593 945 1672 pubes

204 1677 417 1754 Auruncaeque
438 1694 551 1746 manus,
573 1676 673 1737 Rutuli
692 1684 865 1756 veteresque
888 1676 984 1736 Sicani

206 1766 235 1819 et
258 1760 404 1820 Sacranae
424 1761 502 1820 acies
523 1767 552 1819 et
570 1761 640 1837 picti
661 1768 743 1821 scuta
766 1758 879 1827 habich

206 1845 255 1920 qui
277 1841 376 1910 saltus,
398 1842 545 1911 Tiberine,
570 1849 636 1903 tuos
658 1860 834 1921 sacrumque
855 1841 970 1902 Numici

205 1923 273 1986 litus
296 1936 380 1984 arant
400 1924 581 2005 Rutulosque
604 1934 742 1986 exercent
761 1943 880 1986 vomere
901 1922 990 1985 colles

206 2009 418 2087 Circaeumque
439 2012 548 2086 iugum,
568 2010 633 2088 quis
654 2008 785 2087 Iuppiter
804 2009 941 2069 Anxurus
963 2010 1036 2070 arvis

205 2091 351 2168 praesidet
370 2099 398 2152 et
416 2092 499 2152 viridi
522 2092 652 2169 gaudens
673 2093 799 2153 Feronia
819 2092 904 2162 luco;

205 2192 260 2252 qua
282 2174 405 2235 Saturae
425 2176 499 2236 iacet
520 2183 583 2235 atra
603 2175 688 2254 palus
709 2175 882 2254 gelidusque
902 2193 956 2254 per
977 2175 1050 2234 imas

206 2259 319 2335 quaerit
338 2258 393 2319 iter
412 2257 494 2318 vallis
513 2266 601 2337 atque
622 2259 653 2318 in
676 2277 758 2319 mare
777 2259 913 2319 conditur
933 2257 1030 2319 Ufens.

246 2341 307 2401 lios
328 2358 417 2420 super
440 2342 555 2402 advenit
576 2341 679 2402 Volsca
702 2343 739 2403 (le
757 2349 844 2420 gente
862 2339 979 2403 Camilla

206 2440 312 2500 agmen
334 2441 424 2502 agens
442 2425 573 2503 equitnm
596 2432 625 2484 et
643 2423 774 2485 llorentis
795 2444 864 2487 aere
884 2433 1022 2492 catervas,

205 2505 349 2577 bellatrix,
371 2525 430 2566 uon
450 2506 497 2568 illa
519 2506 583 2568 colo
600 2507 756 2569 calathisve
777 2508 924 2570 Minervae

207 2589 347 2651 femineas
366 2590 486 2650 adsueta
505 2608 618 2658 manus,
641 2589 692 2652 sed
705 2590 817 2670 proelia
837 2593 919 2669 virgo

206 2673 279 2734 dura
301 2674 362 2750 pati
384 2691 532 2752 cursuque
553 2673 662 2752 pedum
682 2683 870 2752 praevertere
886 2681 1013 2737 ventos..

205 2754 254 2816 illa
273 2754 318 2816 vel
340 2758 464 2817 intactae
484 2757 590 2833 segetis
614 2775 668 2835 per
690 2775 805 2820 summa
823 2756 934 2817 volaret

206 2840 337 2916 gramina
360 2857 415 2900 nec
437 2848 554 2901 teneras
571 2859 660 2902 cursu
677 2839 808 2902 laesisset
828 2841 940 2910 aristas,

205 2921 251 2982 rel
273 2939 354 2983 mare
377 2940 429 3000 per
451 2923 580 2985 medium
602 2923 693 2985 lluctu
712 2941 853 3002 suspensa
874 2927 997 2986 tumenti

206 3004 296 3067 ferret
317 3006 372 3067 iter
394 3005 497 3067 celeris
518 3026 574 3068 nec
594 3009 740 3086 tingueret
761 3026 889 3087 aequore
911 3007 1034 3085 plantas.

206 3087 283 3148 illam
307 3090 402 3149 omnis
425 3091 509 3151 tectis
526 3092 663 3170 agrisque
684 3091 774 3152 effusa
797 3093 929 3152 iuventus

206 3170 351 3248 turbaque
368 3175 491 3235 miratur
510 3181 636 3236 matrum
659 3181 687 3235 et
709 3182 877 3252 prospectat
896 3182 1023 3241 euntem,

206 3256 334 3317 attonitis
354 3257 470 3318 inhians
493 3258 604 3326 animis,
628 3264 660 3317 ut
680 3259 780 3332 regius
802 3265 881 3317 ostro

206 3337 281 3399 velet
301 3340 396 3400 honos
415 3339 485 3400 levis
504 3355 633 3408 umeros,
655 3345 687 3399 ut
709 3338 796 3399 fibula
820 3341 932 3399 crinem

207 3439 279 3483 auro
301 3424 482 3490 internectat,
505 3422 622 3500 Lyciam
642 3428 674 3481 ut
695 3431 778 3499 gerat
798 3423 860 3500 ipsa
882 3422 1051 3501 pharetram

208 3515 236 3566 et
255 3504 431 3583 pastoralem
454 3505 581 3582 praelixa
604 3505 724 3583 cuspide
744 3512 880 3584 myrtum.
