<?xml version="1.0" encoding="UTF-8"?>
<!DOCTYPE html PUBLIC "-//W3C//DTD XHTML 1.0 Transitional//EN"
    "http://www.w3.org/TR/xhtml1/DTD/xhtml1-transitional.dtd">
<html xmlns="http://www.w3.org/1999/xhtml" xml:lang="en" lang="en">
 <head>
  <title>
</title>
<meta http-equiv="Content-Type" content="text/html;charset=utf-8" />
  <meta name='ocr-system' content='tesseract 3.04.00' />
  <meta name='ocr-capabilities' content='ocr_page ocr_carea ocr_par ocr_line ocrx_word'/>
</head>
<body>
  <div class='ocr_page' id='page_1' title='image "./pvergilimaronis12virggoog/pvergilimaronis12virggoog_0403.png"; bbox 0 0 2512 4096; ppageno 0'>
   <div class='ocr_carea' id='block_1_1' title="bbox 189 282 881 348">
    <p class='ocr_par' dir='ltr' id='par_1_1' title="bbox 189 282 881 348">
     <span class='ocr_line' id='line_1_1' title="bbox 189 282 881 348; baseline -0.004 0"><span class='ocrx_word' id='word_1_1' title='bbox 189 282 251 348; x_wconf 77' lang='lat'><strong>372</strong></span> <span class='ocrx_word' id='word_1_2' title='bbox 506 295 537 343; x_wconf 82' lang='lat' dir='ltr'><strong>P.</strong></span> <span class='ocrx_word' id='word_1_3' title='bbox 559 295 704 344; x_wconf 78' lang='lat' dir='ltr'><strong>vuscrm</strong></span> <span class='ocrx_word' id='word_1_4' title='bbox 726 295 881 345; x_wconf 77' lang='lat' dir='ltr'><strong>uanonrs</strong></span> 
     </span>
    </p>
   </div>
   <div class='ocr_carea' id='block_1_2' title="bbox 186 447 1208 1616">
    <p class='ocr_par' dir='ltr' id='par_1_2' title="bbox 188 447 978 530">
     <span class='ocr_line' id='line_1_2' title="bbox 188 447 978 530; baseline 0.001 -17"><span class='ocrx_word' id='word_1_5' title='bbox 188 466 361 530; x_wconf 82' lang='lat' dir='ltr'><strong>suspensam</strong></span> <span class='ocrx_word' id='word_1_6' title='bbox 384 447 514 527; x_wconf 90' lang='lat' dir='ltr'><strong>gaudens</strong></span> <span class='ocrx_word' id='word_1_7' title='bbox 535 450 567 509; x_wconf 96' lang='lat' dir='ltr'><strong>in</strong></span> <span class='ocrx_word' id='word_1_8' title='bbox 589 467 714 530; x_wconf 90' lang='lat' dir='ltr'><strong>corpore</strong></span> <span class='ocrx_word' id='word_1_9' title='bbox 735 448 838 511; x_wconf 89' lang='lat' dir='ltr'><strong>ludere</strong></span> <span class='ocrx_word' id='word_1_10' title='bbox 859 459 978 514; x_wconf 85' lang='lat' dir='ltr'><strong>vestem</strong></span> 
     </span>
    </p>

    <p class='ocr_par' dir='ltr' id='par_1_3' title="bbox 188 532 1208 781">
     <span class='ocr_line' id='line_1_3' title="bbox 188 532 1208 614; baseline -0.001 -18"><span class='ocrx_word' id='word_1_11' title='bbox 188 543 219 596; x_wconf 92' lang='lat' dir='ltr'><strong>et</strong></span> <span class='ocrx_word' id='word_1_12' title='bbox 238 532 366 602; x_wconf 89' lang='lat' dir='ltr'><strong>tumidos</strong></span> <span class='ocrx_word' id='word_1_13' title='bbox 388 533 517 611; x_wconf 83' lang='lat' dir='ltr'>agitante</span> <span class='ocrx_word' id='word_1_14' title='bbox 538 534 620 594; x_wconf 87' lang='lat' dir='ltr'><strong>sinus</strong></span> <span class='ocrx_word' id='word_1_15' title='bbox 642 533 777 614; x_wconf 88' lang='lat' dir='ltr'><strong>aquilone</strong></span> <span class='ocrx_word' id='word_1_16' title='bbox 798 533 950 596; x_wconf 81' lang='lat' dir='ltr'><strong>relaxans.</strong></span> <span class='ocrx_word' id='word_1_17' title='bbox 1171 549 1208 603; x_wconf 76' lang='lat' dir='ltr'><strong>ru</strong></span> 
     </span>
     <span class='ocr_line' id='line_1_4' title="bbox 188 616 1002 696; baseline 0.004 -18"><span class='ocrx_word' id='word_1_18' title='bbox 188 616 317 678; x_wconf 82' lang='lat' dir='ltr'>necdum</span> <span class='ocrx_word' id='word_1_19' title='bbox 340 617 428 677; x_wconf 91' lang='lat' dir='ltr'><strong>etiam</strong></span> <span class='ocrx_word' id='word_1_20' title='bbox 451 624 546 696; x_wconf 87' lang='lat' dir='ltr'><strong>castos</strong></span> <span class='ocrx_word' id='word_1_21' title='bbox 568 624 735 695; x_wconf 79' lang='lat' dir='ltr'><strong>gustaverat</strong></span> <span class='ocrx_word' id='word_1_22' title='bbox 754 619 832 696; x_wconf 88' lang='lat' dir='ltr'><strong>ignis</strong></span> <span class='ocrx_word' id='word_1_23' title='bbox 853 617 1002 691; x_wconf 69' lang='lat' dir='ltr'><strong>honores</strong></span> 
     </span>
     <span class='ocr_line' id='line_1_5' title="bbox 188 699 914 781; baseline 0.001 -20"><span class='ocrx_word' id='word_1_24' title='bbox 188 700 315 761; x_wconf 78' lang='lat' dir='ltr'>necdum</span> <span class='ocrx_word' id='word_1_25' title='bbox 337 699 472 761; x_wconf 83' lang='lat' dir='ltr'><strong>sollemni</strong></span> <span class='ocrx_word' id='word_1_26' title='bbox 493 699 611 780; x_wconf 82' lang='lat' dir='ltr'><strong>lympha</strong></span> <span class='ocrx_word' id='word_1_27' title='bbox 632 701 751 781; x_wconf 90' lang='lat' dir='ltr'><strong>perfusa</strong></span> <span class='ocrx_word' id='word_1_28' title='bbox 773 699 914 762; x_wconf 81' lang='lat' dir='ltr'><strong>sacerdos</strong></span> 
     </span>
    </p>

    <p class='ocr_par' dir='ltr' id='par_1_4' title="bbox 187 781 844 865">
     <span class='ocr_line' id='line_1_6' title="bbox 187 781 844 865; baseline 0 -20"><span class='ocrx_word' id='word_1_29' title='bbox 187 783 327 865; x_wconf 90' lang='lat' dir='ltr'><strong>pallentis</strong></span> <span class='ocrx_word' id='word_1_30' title='bbox 349 781 426 844; x_wconf 87' lang='lat' dir='ltr'><strong>foliis</strong></span> <span class='ocrx_word' id='word_1_31' title='bbox 448 791 536 863; x_wconf 89' lang='lat' dir='ltr'><strong>caput</strong></span> <span class='ocrx_word' id='word_1_32' title='bbox 557 792 716 845; x_wconf 85' lang='lat' dir='ltr'><strong>exornarat</strong></span> <span class='ocrx_word' id='word_1_33' title='bbox 738 782 844 845; x_wconf 91' lang='lat' dir='ltr'><strong>olivae:</strong></span> 
     </span>
    </p>

    <p class='ocr_par' dir='ltr' id='par_1_5' title="bbox 186 866 1107 1033">
     <span class='ocr_line' id='line_1_7' title="bbox 188 866 1107 951; baseline 0.009 -23"><span class='ocrx_word' id='word_1_34' title='bbox 188 886 255 928; x_wconf 93' lang='lat' dir='ltr'><strong>cum</strong></span> <span class='ocrx_word' id='word_1_35' title='bbox 278 867 359 947; x_wconf 84' lang='lat' dir='ltr'><strong>lapsa</strong></span> <span class='ocrx_word' id='word_1_36' title='bbox 381 887 397 929; x_wconf 88' lang='lat' dir='ltr'><strong>e</strong></span> <span class='ocrx_word' id='word_1_37' title='bbox 419 866 554 929; x_wconf 87' lang='lat' dir='ltr'><strong>manibus</strong></span> <span class='ocrx_word' id='word_1_38' title='bbox 576 867 650 947; x_wconf 87' lang='lat' dir='ltr'><strong>fugit</strong></span> <span class='ocrx_word' id='word_1_39' title='bbox 670 868 740 947; x_wconf 91' lang='lat' dir='ltr'><strong>pila.</strong></span> <span class='ocrx_word' id='word_1_40' title='bbox 763 885 891 947; x_wconf 92' lang='lat' dir='ltr'><strong>cumque</strong></span> <span class='ocrx_word' id='word_1_41' title='bbox 916 869 1023 951; x_wconf 84' lang='lat' dir='ltr'><strong>elapsa</strong></span> <span class='ocrx_word' id='word_1_42' title='bbox 1045 883 1107 947; x_wconf 87' lang='lat' dir='ltr'><strong>est,</strong></span> 
     </span>
     <span class='ocr_line' id='line_1_8' title="bbox 186 950 913 1033; baseline 0.001 -22"><span class='ocrx_word' id='word_1_43' title='bbox 186 953 337 1031; x_wconf 80' lang='lat' dir='ltr'><strong>procurrit</strong></span> <span class='ocrx_word' id='word_1_44' title='bbox 359 953 453 1030; x_wconf 85' lang='lat' dir='ltr'><strong>virgo.</strong></span> <span class='ocrx_word' id='word_1_45' title='bbox 477 951 555 1031; x_wconf 94' lang='lat' dir='ltr'><strong>quod</strong></span> <span class='ocrx_word' id='word_1_46' title='bbox 578 953 621 1013; x_wconf 90' lang='lat' dir='ltr'><strong>uti</strong></span> <span class='ocrx_word' id='word_1_47' title='bbox 643 969 680 1011; x_wconf 90' lang='lat' dir='ltr'><strong>ne</strong></span> <span class='ocrx_word' id='word_1_48' title='bbox 701 950 818 1033; x_wconf 92' lang='lat' dir='ltr'><strong>prodita</strong></span> <span class='ocrx_word' id='word_1_49' title='bbox 839 950 913 1012; x_wconf 92' lang='lat' dir='ltr'><strong>ludo</strong></span> 
     </span>
    </p>

    <p class='ocr_par' dir='ltr' id='par_1_6' title="bbox 187 1032 898 1116">
     <span class='ocr_line' id='line_1_9' title="bbox 187 1032 898 1116; baseline 0 -20"><span class='ocrx_word' id='word_1_50' title='bbox 187 1042 319 1097; x_wconf 88' lang='lat' dir='ltr'><strong>auratam</strong></span> <span class='ocrx_word' id='word_1_51' title='bbox 342 1033 445 1114; x_wconf 80' lang='lat' dir='ltr'><strong>gracili</strong></span> <span class='ocrx_word' id='word_1_52' title='bbox 466 1032 605 1097; x_wconf 87' lang='lat' dir='ltr'><strong>solvisaes</strong></span> <span class='ocrx_word' id='word_1_53' title='bbox 627 1053 752 1116; x_wconf 91' lang='lat' dir='ltr'><strong>corpore</strong></span> <span class='ocrx_word' id='word_1_54' title='bbox 774 1033 898 1115; x_wconf 89' lang='lat' dir='ltr'><strong>pallam!</strong></span> 
     </span>
    </p>

    <p class='ocr_par' dir='ltr' id='par_1_7' title="bbox 186 1118 1026 1283">
     <span class='ocr_line' id='line_1_10' title="bbox 188 1118 1026 1199; baseline 0.008 -21"><span class='ocrx_word' id='word_1_55' title='bbox 188 1121 301 1190; x_wconf 89' lang='lat' dir='ltr'><strong>omnia,</strong></span> <span class='ocrx_word' id='word_1_56' title='bbox 325 1137 400 1199; x_wconf 91' lang='lat' dir='ltr'><strong>quae</strong></span> <span class='ocrx_word' id='word_1_57' title='bbox 421 1120 551 1182; x_wconf 89' lang='lat' dir='ltr'><strong>retinere</strong></span> <span class='ocrx_word' id='word_1_58' title='bbox 573 1118 697 1197; x_wconf 91' lang='lat' dir='ltr'><strong>gradum</strong></span> <span class='ocrx_word' id='word_1_59' title='bbox 719 1136 881 1198; x_wconf 88' lang='lat' dir='ltr'><strong>cursusque</strong></span> <span class='ocrx_word' id='word_1_60' title='bbox 904 1125 1026 1184; x_wconf 86' lang='lat' dir='ltr'><strong>morari</strong></span> 
     </span>
     <span class='ocr_line' id='line_1_11' title="bbox 186 1201 972 1283; baseline 0.004 -18"><span class='ocrx_word' id='word_1_61' title='bbox 186 1211 321 1283; x_wconf 85' lang='lat' dir='ltr'><strong>possent,</strong></span> <span class='ocrx_word' id='word_1_62' title='bbox 345 1221 362 1262; x_wconf 95' lang='lat' dir='ltr'><strong>o</strong></span> <span class='ocrx_word' id='word_1_63' title='bbox 383 1209 483 1264; x_wconf 90' lang='lat' dir='ltr'><strong>tecum</strong></span> <span class='ocrx_word' id='word_1_64' title='bbox 504 1201 609 1263; x_wconf 79' lang='lat' dir='ltr'><strong>vellem</strong></span> <span class='ocrx_word' id='word_1_65' title='bbox 632 1210 664 1265; x_wconf 90' lang='lat' dir='ltr'><strong>tu</strong></span> <span class='ocrx_word' id='word_1_66' title='bbox 686 1220 803 1282; x_wconf 88' lang='lat' dir='ltr'><strong>semper</strong></span> <span class='ocrx_word' id='word_1_67' title='bbox 824 1201 972 1268; x_wconf 84' lang='lat' dir='ltr'><strong>haberes:</strong></span> 
     </span>
    </p>

    <p class='ocr_par' dir='ltr' id='par_1_8' title="bbox 187 1285 902 1367">
     <span class='ocr_line' id='line_1_12' title="bbox 187 1285 902 1367; baseline 0.003 -21"><span class='ocrx_word' id='word_1_68' title='bbox 187 1304 247 1347; x_wconf 93' lang='lat' dir='ltr'><strong>non</strong></span> <span class='ocrx_word' id='word_1_69' title='bbox 268 1305 408 1367; x_wconf 89' lang='lat' dir='ltr'><strong>umquam</strong></span> <span class='ocrx_word' id='word_1_70' title='bbox 430 1286 535 1348; x_wconf 85' lang='lat' dir='ltr'><strong>violata</strong></span> <span class='ocrx_word' id='word_1_71' title='bbox 556 1304 645 1348; x_wconf 92' lang='lat' dir='ltr'><strong>manu</strong></span> <span class='ocrx_word' id='word_1_72' title='bbox 667 1287 796 1349; x_wconf 90' lang='lat' dir='ltr'><strong>sacraria</strong></span> <span class='ocrx_word' id='word_1_73' title='bbox 818 1285 902 1348; x_wconf 85' lang='lat' dir='ltr'><strong>divae</strong></span> 
     </span>
    </p>

    <p class='ocr_par' dir='ltr' id='par_1_9' title="bbox 186 1368 904 1452">
     <span class='ocr_line' id='line_1_13' title="bbox 186 1368 904 1452; baseline 0.003 -23"><span class='ocrx_word' id='word_1_74' title='bbox 186 1370 326 1441; x_wconf 90' lang='lat' dir='ltr'><strong>iurando,</strong></span> <span class='ocrx_word' id='word_1_75' title='bbox 349 1368 466 1442; x_wconf 83' lang='lat' dir='ltr'><strong>infelix,</strong></span> <span class='ocrx_word' id='word_1_76' title='bbox 489 1371 667 1452; x_wconf 89' lang='lat' dir='ltr'><strong>nequiquam</strong></span> <span class='ocrx_word' id='word_1_77' title='bbox 688 1372 753 1431; x_wconf 91' lang='lat' dir='ltr'><strong>iura</strong></span> <span class='ocrx_word' id='word_1_78' title='bbox 775 1371 904 1448; x_wconf 88' lang='lat' dir='ltr'><strong>piasses!</strong></span> 
     </span>
    </p>

    <p class='ocr_par' dir='ltr' id='par_1_10' title="bbox 187 1453 865 1534">
     <span class='ocr_line' id='line_1_14' title="bbox 187 1453 865 1534; baseline -0.001 -20"><span class='ocrx_word' id='word_1_79' title='bbox 187 1459 217 1514; x_wconf 86' lang='lat' dir='ltr'><strong>at</strong></span> <span class='ocrx_word' id='word_1_80' title='bbox 238 1455 264 1513; x_wconf 91' lang='lat' dir='ltr'><strong>si</strong></span> <span class='ocrx_word' id='word_1_81' title='bbox 285 1453 350 1533; x_wconf 88' lang='lat' dir='ltr'><strong>qufs</strong></span> <span class='ocrx_word' id='word_1_82' title='bbox 372 1454 507 1516; x_wconf 89' lang='lat' dir='ltr'><strong>nocuisse</strong></span> <span class='ocrx_word' id='word_1_83' title='bbox 528 1453 583 1515; x_wconf 91' lang='lat' dir='ltr'><strong>tibi</strong></span> <span class='ocrx_word' id='word_1_84' title='bbox 603 1456 732 1534; x_wconf 90' lang='lat' dir='ltr'><strong>periuria</strong></span> <span class='ocrx_word' id='word_1_85' title='bbox 757 1453 865 1524; x_wconf 89' lang='lat' dir='ltr'><strong>credat,</strong></span> 
     </span>
    </p>

    <p class='ocr_par' dir='ltr' id='par_1_11' title="bbox 186 1536 1011 1616">
     <span class='ocr_line' id='line_1_15' title="bbox 186 1536 1011 1616; baseline 0.01 -20"><span class='ocrx_word' id='word_1_86' title='bbox 186 1553 273 1597; x_wconf 90' lang='lat' dir='ltr'><strong>causa</strong></span> <span class='ocrx_word' id='word_1_87' title='bbox 295 1537 344 1616; x_wconf 86' lang='lat' dir='ltr'><strong>pia</strong></span> <span class='ocrx_word' id='word_1_88' title='bbox 366 1543 425 1598; x_wconf 87' lang='lat' dir='ltr'><strong>est:</strong></span> <span class='ocrx_word' id='word_1_89' title='bbox 447 1538 545 1598; x_wconf 91' lang='lat' dir='ltr'><strong>timuit</strong></span> <span class='ocrx_word' id='word_1_90' title='bbox 565 1536 651 1598; x_wconf 89' lang='lat' dir='ltr'><strong>fratri</strong></span> <span class='ocrx_word' id='word_1_91' title='bbox 672 1556 704 1599; x_wconf 89' lang='lat' dir='ltr'><strong>se</strong></span> <span class='ocrx_word' id='word_1_92' title='bbox 727 1537 898 1607; x_wconf 88' lang='lat' dir='ltr'><strong>ostendere,</strong></span> <span class='ocrx_word' id='word_1_93' title='bbox 922 1537 1011 1603; x_wconf 88' lang='lat' dir='ltr'><strong>luno.</strong></span> 
     </span>
    </p>
   </div>
   <div class='ocr_carea' id='block_1_3' title="bbox 475 1638 904 1712">
    <p class='ocr_par' dir='ltr' id='par_1_12' title="bbox 475 1638 904 1712">
     <span class='ocr_line' id='line_1_16' title="bbox 475 1638 904 1712; baseline 0.002 -2"><span class='ocrx_word' id='word_1_94' title='bbox 475 1638 904 1712; x_wconf 37' lang='lat' dir='ltr'><strong>*,³l¹***</strong></span> 
     </span>
    </p>
   </div>
   <div class='ocr_carea' id='block_1_4' title="bbox 185 1784 984 2043">
    <p class='ocr_par' dir='ltr' id='par_1_13' title="bbox 185 1784 984 2043">
     <span class='ocr_line' id='line_1_17' title="bbox 186 1784 984 1867; baseline 0.004 -19"><span class='ocrx_word' id='word_1_95' title='bbox 186 1795 216 1848; x_wconf 87' lang='lat' dir='ltr'><strong>at</strong></span> <span class='ocrx_word' id='word_1_96' title='bbox 236 1785 308 1848; x_wconf 85' lang='lat' dir='ltr'><strong>levis</strong></span> <span class='ocrx_word' id='word_1_97' title='bbox 328 1785 378 1847; x_wconf 89' lang='lat' dir='ltr'><strong>ille</strong></span> <span class='ocrx_word' id='word_1_98' title='bbox 400 1784 472 1847; x_wconf 90' lang='lat' dir='ltr'><strong>deus</strong></span> <span class='ocrx_word' id='word_1_99' title='bbox 511 1788 559 1847; x_wconf 87' lang='lat' dir='ltr'><strong>cui</strong></span> <span class='ocrx_word' id='word_1_100' title='bbox 579 1803 697 1867; x_wconf 88' lang='lat' dir='ltr'><strong>sempor</strong></span> <span class='ocrx_word' id='word_1_101' title='bbox 719 1787 756 1847; x_wconf 91' lang='lat' dir='ltr'><strong>ad</strong></span> <span class='ocrx_word' id='word_1_102' title='bbox 777 1787 984 1852; x_wconf 88' lang='lat' dir='ltr'><strong>ulciscendum</strong></span> 
     </span>
     <span class='ocr_line' id='line_1_18' title="bbox 186 1871 879 1952; baseline 0.001 -21"><span class='ocrx_word' id='word_1_103' title='bbox 186 1871 338 1952; x_wconf 87' lang='lat' dir='ltr'><strong>quaeritur</strong></span> <span class='ocrx_word' id='word_1_104' title='bbox 360 1889 396 1931; x_wconf 83' lang='lat' dir='ltr'><strong>ex</strong></span> <span class='ocrx_word' id='word_1_105' title='bbox 417 1871 500 1931; x_wconf 89' lang='lat' dir='ltr'><strong>omni</strong></span> <span class='ocrx_word' id='word_1_106' title='bbox 520 1876 640 1932; x_wconf 86' lang='lat' dir='ltr'><strong>ventosa</strong></span> <span class='ocrx_word' id='word_1_107' title='bbox 662 1871 769 1932; x_wconf 85' lang='lat' dir='ltr'><strong>iniuria</strong></span> <span class='ocrx_word' id='word_1_108' title='bbox 793 1871 879 1942; x_wconf 91' lang='lat' dir='ltr'><strong>dicto,</strong></span> 
     </span>
     <span class='ocr_line' id='line_1_19' title="bbox 185 1951 857 2043; baseline 0.001 -28"><span class='ocrx_word' id='word_1_109' title='bbox 185 1972 274 2016; x_wconf 87' lang='lat' dir='ltr'><strong>aurea</strong></span> <span class='ocrx_word' id='word_1_110' title='bbox 295 1951 419 2032; x_wconf 77' lang='lat' dir='ltr'><strong>fulgenti</strong></span> <span class='ocrx_word' id='word_1_111' title='bbox 439 1953 618 2034; x_wconf 88' lang='lat' dir='ltr'><strong>depromens</strong></span> <span class='ocrx_word' id='word_1_112' title='bbox 638 1953 697 2015; x_wconf 87' lang='lat' dir='ltr'><strong>tela</strong></span> <span class='ocrx_word' id='word_1_113' title='bbox 717 1954 857 2043; x_wconf 77' lang='lat' dir='ltr'><strong>pharetra</strong></span> 
     </span>
    </p>
   </div>
   <div class='ocr_carea' id='block_1_5' title="bbox 180 2037 1008 3626">
    <p class='ocr_par' dir='ltr' id='par_1_14' title="bbox 180 2037 1008 3626">
     <span class='ocr_line' id='line_1_20' title="bbox 184 2037 892 2100; baseline -0.001 -1"><span class='ocrx_word' id='word_1_114' title='bbox 184 2037 243 2099; x_wconf 86' lang='lat' dir='ltr'><strong>heu</strong></span> <span class='ocrx_word' id='word_1_115' title='bbox 265 2038 388 2098; x_wconf 90' lang='lat' dir='ltr'><strong>nimium</strong></span> <span class='ocrx_word' id='word_1_116' title='bbox 411 2044 492 2098; x_wconf 91' lang='lat' dir='ltr'><strong>certo</strong></span> <span class='ocrx_word' id='word_1_117' title='bbox 515 2039 638 2099; x_wconf 92' lang='lat' dir='ltr'><strong>nimium</strong></span> <span class='ocrx_word' id='word_1_118' title='bbox 659 2040 803 2100; x_wconf 87' lang='lat' dir='ltr'><strong>torrentia</strong></span> <span class='ocrx_word' id='word_1_119' title='bbox 825 2039 892 2098; x_wconf 90' lang='lat' dir='ltr'><strong>nisu</strong></span> 
     </span>
     <span class='ocr_line' id='line_1_21' title="bbox 183 2122 901 2200; baseline 0.003 -19"><span class='ocrx_word' id='word_1_120' title='bbox 183 2122 309 2200; x_wconf 85' lang='lat' dir='ltr'><strong>virginis</strong></span> <span class='ocrx_word' id='word_1_121' title='bbox 330 2122 363 2182; x_wconf 90' lang='lat' dir='ltr'><strong>in</strong></span> <span class='ocrx_word' id='word_1_122' title='bbox 384 2128 487 2183; x_wconf 86' lang='lat' dir='ltr'><strong>tenera</strong></span> <span class='ocrx_word' id='word_1_123' title='bbox 509 2122 651 2184; x_wconf 84' lang='lat' dir='ltr'><strong>defixerat</strong></span> <span class='ocrx_word' id='word_1_124' title='bbox 672 2124 770 2183; x_wconf 87' lang='lat' dir='ltr'><strong>omnia</strong></span> <span class='ocrx_word' id='word_1_125' title='bbox 791 2129 901 2183; x_wconf 88' lang='lat' dir='ltr'><strong>mente.</strong></span> 
     </span>
     <span class='ocr_line' id='line_1_22' title="bbox 227 2204 1008 2285; baseline 0.005 -20"><span class='ocrx_word' id='word_1_126' title='bbox 227 2205 308 2276; x_wconf 85' lang='lat' dir='ltr'><strong>Quae</strong></span> <span class='ocrx_word' id='word_1_127' title='bbox 330 2204 416 2266; x_wconf 88' lang='lat' dir='ltr'><strong>simul</strong></span> <span class='ocrx_word' id='word_1_128' title='bbox 439 2224 473 2266; x_wconf 90' lang='lat' dir='ltr'><strong>ac</strong></span> <span class='ocrx_word' id='word_1_129' title='bbox 494 2207 576 2268; x_wconf 83' lang='lat' dir='ltr'><strong>venis</strong></span> <span class='ocrx_word' id='word_1_130' title='bbox 597 2207 695 2267; x_wconf 89' lang='lat' dir='ltr'><strong>lrausit</strong></span> <span class='ocrx_word' id='word_1_131' title='bbox 715 2204 881 2267; x_wconf 87' lang='lat' dir='ltr'><strong>sitientibus</strong></span> <span class='ocrx_word' id='word_1_132' title='bbox 902 2207 1008 2285; x_wconf 88' lang='lat' dir='ltr'><strong>ignem</strong></span> 
     </span>
     <span class='ocr_line' id='line_1_23' title="bbox 185 2287 963 2369; baseline 0.003 -20"><span class='ocrx_word' id='word_1_133' title='bbox 185 2296 215 2349; x_wconf 88' lang='lat' dir='ltr'><strong>et</strong></span> <span class='ocrx_word' id='word_1_134' title='bbox 235 2287 362 2350; x_wconf 84' lang='lat' dir='ltr'><strong>validum</strong></span> <span class='ocrx_word' id='word_1_135' title='bbox 383 2291 501 2367; x_wconf 90' lang='lat' dir='ltr'><strong>penitus</strong></span> <span class='ocrx_word' id='word_1_136' title='bbox 522 2290 659 2369; x_wconf 86' lang='lat' dir='ltr'><strong>concepit</strong></span> <span class='ocrx_word' id='word_1_137' title='bbox 678 2290 711 2350; x_wconf 90' lang='lat' dir='ltr'><strong>in</strong></span> <span class='ocrx_word' id='word_1_138' title='bbox 732 2307 798 2352; x_wconf 89' lang='lat' dir='ltr'><strong>ossa</strong></span> <span class='ocrx_word' id='word_1_139' title='bbox 818 2289 963 2361; x_wconf 89' lang='lat' dir='ltr'><strong>furorem,</strong></span> 
     </span>
     <span class='ocr_line' id='line_1_24' title="bbox 184 2369 886 2450; baseline -0.001 -17"><span class='ocrx_word' id='word_1_140' title='bbox 184 2389 270 2434; x_wconf 86' lang='lat' dir='ltr'><strong>saeva</strong></span> <span class='ocrx_word' id='word_1_141' title='bbox 291 2369 370 2432; x_wconf 85' lang='lat' dir='ltr'><strong>velut</strong></span> <span class='ocrx_word' id='word_1_142' title='bbox 391 2371 495 2450; x_wconf 81' lang='lat' dir='ltr'><strong>gelidis</strong></span> <span class='ocrx_word' id='word_1_143' title='bbox 518 2372 653 2435; x_wconf 87' lang='lat' dir='ltr'><strong>Edonum</strong></span> <span class='ocrx_word' id='word_1_144' title='bbox 675 2372 805 2435; x_wconf 89' lang='lat' dir='ltr'><strong>Bistonis</strong></span> <span class='ocrx_word' id='word_1_145' title='bbox 827 2374 886 2434; x_wconf 91' lang='lat' dir='ltr'><strong>oris</strong></span> 
     </span>
     <span class='ocr_line' id='line_1_25' title="bbox 184 2454 863 2537; baseline 0.001 -22"><span class='ocrx_word' id='word_1_146' title='bbox 184 2455 279 2515; x_wconf 83' lang='lat' dir='ltr'><strong>ictave</strong></span> <span class='ocrx_word' id='word_1_147' title='bbox 304 2454 460 2516; x_wconf 88' lang='lat' dir='ltr'><strong>barbarico</strong></span> <span class='ocrx_word' id='word_1_148' title='bbox 483 2455 604 2537; x_wconf 79' lang='lat' dir='ltr'><strong>Cybeles</strong></span> <span class='ocrx_word' id='word_1_149' title='bbox 626 2458 754 2518; x_wconf 87' lang='lat' dir='ltr'><strong>antistita</strong></span> <span class='ocrx_word' id='word_1_150' title='bbox 776 2457 863 2528; x_wconf 85' lang='lat' dir='ltr'><strong>buxo,</strong></span> 
     </span>
     <span class='ocr_line' id='line_1_26' title="bbox 183 2535 812 2617; baseline 0.008 -21"><span class='ocrx_word' id='word_1_151' title='bbox 183 2535 286 2598; x_wconf 80' lang='lat' dir='ltr'><strong>infelix</strong></span> <span class='ocrx_word' id='word_1_152' title='bbox 307 2539 389 2617; x_wconf 80' lang='lat' dir='ltr'><strong>virgo</strong></span> <span class='ocrx_word' id='word_1_153' title='bbox 412 2546 473 2600; x_wconf 85' lang='lat' dir='ltr'><strong>tota</strong></span> <span class='ocrx_word' id='word_1_154' title='bbox 493 2538 655 2601; x_wconf 89' lang='lat' dir='ltr'><strong>bacchatur</strong></span> <span class='ocrx_word' id='word_1_155' title='bbox 675 2542 707 2600; x_wconf 91' lang='lat' dir='ltr'><strong>iu</strong></span> <span class='ocrx_word' id='word_1_156' title='bbox 728 2540 812 2611; x_wconf 87' lang='lat' dir='ltr'><strong>urbe,</strong></span> 
     </span>
     <span class='ocr_line' id='line_1_27' title="bbox 184 2621 943 2704; baseline 0.004 -23"><span class='ocrx_word' id='word_1_157' title='bbox 184 2638 245 2681; x_wconf 90' lang='lat' dir='ltr'><strong>non</strong></span> <span class='ocrx_word' id='word_1_158' title='bbox 267 2629 381 2684; x_wconf 89' lang='lat' dir='ltr'><strong>storace</strong></span> <span class='ocrx_word' id='word_1_159' title='bbox 402 2621 490 2682; x_wconf 88' lang='lat' dir='ltr'><strong>Idaeo</strong></span> <span class='ocrx_word' id='word_1_160' title='bbox 512 2622 677 2701; x_wconf 85' lang='lat' dir='ltr'><strong>fragrantes</strong></span> <span class='ocrx_word' id='word_1_161' title='bbox 698 2625 791 2684; x_wconf 89' lang='lat' dir='ltr'><strong>tincta</strong></span> <span class='ocrx_word' id='word_1_162' title='bbox 813 2623 943 2704; x_wconf 89' lang='lat' dir='ltr'><strong>capillos,</strong></span> 
     </span>
     <span class='ocr_line' id='line_1_28' title="bbox 183 2704 972 2785; baseline 0.008 -21"><span class='ocrx_word' id='word_1_163' title='bbox 183 2705 301 2782; x_wconf 85' lang='lat' dir='ltr'><strong>cognita</strong></span> <span class='ocrx_word' id='word_1_164' title='bbox 322 2721 383 2764; x_wconf 92' lang='lat' dir='ltr'><strong>nou</strong></span> <span class='ocrx_word' id='word_1_165' title='bbox 404 2706 515 2766; x_wconf 90' lang='lat' dir='ltr'><strong>teneris</strong></span> <span class='ocrx_word' id='word_1_166' title='bbox 535 2704 660 2784; x_wconf 88' lang='lat' dir='ltr'><strong>pedibus</strong></span> <span class='ocrx_word' id='word_1_167' title='bbox 682 2706 818 2785; x_wconf 77' lang='lat' dir='ltr'><strong>Sicyonia</strong></span> <span class='ocrx_word' id='word_1_168' title='bbox 840 2725 972 2782; x_wconf 87' lang='lat' dir='ltr'><strong>servans,</strong></span> 
     </span>
     <span class='ocr_line' id='line_1_29' title="bbox 183 2786 879 2854; baseline 0.009 -6"><span class='ocrx_word' id='word_1_169' title='bbox 183 2798 244 2848; x_wconf 84' lang='lat' dir='ltr'><strong>non</strong></span> <span class='ocrx_word' id='word_1_170' title='bbox 266 2786 351 2847; x_wconf 84' lang='lat' dir='ltr'><strong>nlreo</strong></span> <span class='ocrx_word' id='word_1_171' title='bbox 372 2788 505 2849; x_wconf 88' lang='lat' dir='ltr'><strong>retinens</strong></span> <span class='ocrx_word' id='word_1_172' title='bbox 525 2788 628 2849; x_wconf 90' lang='lat' dir='ltr'><strong>hacata</strong></span> <span class='ocrx_word' id='word_1_173' title='bbox 650 2789 769 2851; x_wconf 88' lang='lat' dir='ltr'><strong>monilia</strong></span> <span class='ocrx_word' id='word_1_174' title='bbox 793 2790 879 2854; x_wconf 92' lang='lat' dir='ltr'><strong>collo.</strong></span> 
     </span>
     <span class='ocr_line' id='line_1_30' title="bbox 182 2869 946 2952; baseline 0.008 -20"><span class='ocrx_word' id='word_1_175' title='bbox 182 2869 307 2932; x_wconf 91' lang='lat' dir='ltr'><strong>multum</strong></span> <span class='ocrx_word' id='word_1_176' title='bbox 329 2869 373 2932; x_wconf 88' lang='lat' dir='ltr'><strong>illl</strong></span> <span class='ocrx_word' id='word_1_177' title='bbox 392 2872 506 2932; x_wconf 89' lang='lat' dir='ltr'><strong>incerto</strong></span> <span class='ocrx_word' id='word_1_178' title='bbox 528 2872 678 2952; x_wconf 89' lang='lat' dir='ltr'><strong>trepidant</strong></span> <span class='ocrx_word' id='word_1_179' title='bbox 686 2875 819 2952; x_wconf 40' lang='lat' dir='ltr'><strong>,vestigia</strong></span> <span class='ocrx_word' id='word_1_180' title='bbox 842 2893 946 2938; x_wconf 89' lang='lat' dir='ltr'><strong>cursu:</strong></span> 
     </span>
     <span class='ocr_line' id='line_1_31' title="bbox 183 2953 942 3038; baseline 0.007 -22"><span class='ocrx_word' id='word_1_181' title='bbox 183 2971 270 3035; x_wconf 85' lang='lat' dir='ltr'><strong>saepe</strong></span> <span class='ocrx_word' id='word_1_182' title='bbox 291 2953 369 3016; x_wconf 88' lang='lat' dir='ltr'><strong>redit</strong></span> <span class='ocrx_word' id='word_1_183' title='bbox 388 2957 501 3036; x_wconf 89' lang='lat' dir='ltr'><strong>patrios</strong></span> <span class='ocrx_word' id='word_1_184' title='bbox 522 2953 683 3018; x_wconf 87' lang='lat' dir='ltr'><strong>ascendere</strong></span> <span class='ocrx_word' id='word_1_185' title='bbox 703 2957 819 3038; x_wconf 88' lang='lat' dir='ltr'><strong>perdita</strong></span> <span class='ocrx_word' id='word_1_186' title='bbox 840 2977 942 3021; x_wconf 87' lang='lat' dir='ltr'><strong>muros</strong></span> 
     </span>
     <span class='ocr_line' id='line_1_32' title="bbox 183 3039 873 3120; baseline 0.007 -20"><span class='ocrx_word' id='word_1_187' title='bbox 183 3040 337 3120; x_wconf 77' lang='lat' dir='ltr'><strong>aeriasque</strong></span> <span class='ocrx_word' id='word_1_188' title='bbox 359 3039 429 3100; x_wconf 90' lang='lat' dir='ltr'><strong>facit</strong></span> <span class='ocrx_word' id='word_1_189' title='bbox 451 3058 568 3104; x_wconf 86' lang='lat' dir='ltr'><strong>causam</strong></span> <span class='ocrx_word' id='word_1_190' title='bbox 590 3060 623 3102; x_wconf 87' lang='lat' dir='ltr'><strong>se</strong></span> <span class='ocrx_word' id='word_1_191' title='bbox 643 3042 738 3103; x_wconf 85' lang='lat' dir='ltr'><strong>visere</strong></span> <span class='ocrx_word' id='word_1_192' title='bbox 761 3049 873 3112; x_wconf 90' lang='lat' dir='ltr'><strong>turres;</strong></span> 
     </span>
     <span class='ocr_line' id='line_1_33' title="bbox 182 3124 974 3208; baseline 0.009 -26"><span class='ocrx_word' id='word_1_193' title='bbox 182 3140 271 3202; x_wconf 87' lang='lat' dir='ltr'><strong>saepe</strong></span> <span class='ocrx_word' id='word_1_194' title='bbox 294 3124 382 3184; x_wconf 89' lang='lat' dir='ltr'><strong>etiam</strong></span> <span class='ocrx_word' id='word_1_195' title='bbox 404 3126 504 3187; x_wconf 90' lang='lat' dir='ltr'><strong>tristes</strong></span> <span class='ocrx_word' id='word_1_196' title='bbox 524 3124 644 3186; x_wconf 84' lang='lat' dir='ltr'><strong>volvens</strong></span> <span class='ocrx_word' id='word_1_197' title='bbox 664 3126 695 3186; x_wconf 91' lang='lat' dir='ltr'><strong>in</strong></span> <span class='ocrx_word' id='word_1_198' title='bbox 717 3133 804 3188; x_wconf 89' lang='lat' dir='ltr'><strong>nocte</strong></span> <span class='ocrx_word' id='word_1_199' title='bbox 826 3127 974 3208; x_wconf 81' lang='lat' dir='ltr'><strong>querellas</strong></span> 
     </span>
     <span class='ocr_line' id='line_1_34' title="bbox 181 3203 909 3288; baseline 0.007 -22"><span class='ocrx_word' id='word_1_200' title='bbox 181 3203 301 3267; x_wconf 87' lang='lat' dir='ltr'><strong>sedibus</strong></span> <span class='ocrx_word' id='word_1_201' title='bbox 323 3225 360 3267; x_wconf 80' lang='lat' dir='ltr'><strong>ex</strong></span> <span class='ocrx_word' id='word_1_202' title='bbox 381 3205 448 3270; x_wconf 85' lang='lat' dir='ltr'><strong>altis</strong></span> <span class='ocrx_word' id='word_1_203' title='bbox 470 3207 544 3270; x_wconf 88' lang='lat' dir='ltr'><strong>caeli</strong></span> <span class='ocrx_word' id='word_1_204' title='bbox 565 3207 734 3288; x_wconf 86' lang='lat' dir='ltr'><strong>speculatur</strong></span> <span class='ocrx_word' id='word_1_205' title='bbox 754 3212 786 3270; x_wconf 89' lang='lat' dir='ltr'><strong>in</strong></span> <span class='ocrx_word' id='word_1_206' title='bbox 808 3212 909 3272; x_wconf 89' lang='lat' dir='ltr'><strong>orbem</strong></span> 
     </span>
     <span class='ocr_line' id='line_1_35' title="bbox 181 3292 965 3370; baseline 0.008 -19"><span class='ocrx_word' id='word_1_207' title='bbox 181 3295 337 3369; x_wconf 82' lang='lat' dir='ltr'><strong>castraque</strong></span> <span class='ocrx_word' id='word_1_208' title='bbox 356 3299 526 3370; x_wconf 89' lang='lat' dir='ltr'><strong>prospectat</strong></span> <span class='ocrx_word' id='word_1_209' title='bbox 547 3292 661 3353; x_wconf 85' lang='lat' dir='ltr'><strong>crebris</strong></span> <span class='ocrx_word' id='word_1_210' title='bbox 681 3292 809 3356; x_wconf 89' lang='lat' dir='ltr'><strong>lucentia</strong></span> <span class='ocrx_word' id='word_1_211' title='bbox 829 3295 965 3358; x_wconf 86' lang='lat' dir='ltr'><strong>flammis.</strong></span> 
     </span>
     <span class='ocr_line' id='line_1_36' title="bbox 181 3375 900 3455; baseline 0.013 -24"><span class='ocrx_word' id='word_1_212' title='bbox 181 3387 243 3433; x_wconf 93' lang='lat' dir='ltr'><strong>non</strong></span> <span class='ocrx_word' id='word_1_213' title='bbox 264 3379 367 3450; x_wconf 90' lang='lat' dir='ltr'><strong>arguta</strong></span> <span class='ocrx_word' id='word_1_214' title='bbox 388 3383 495 3437; x_wconf 89' lang='lat' dir='ltr'><strong>sonant</strong></span> <span class='ocrx_word' id='word_1_215' title='bbox 515 3376 597 3437; x_wconf 86' lang='lat' dir='ltr'><strong>tenui</strong></span> <span class='ocrx_word' id='word_1_216' title='bbox 618 3375 757 3455; x_wconf 90' lang='lat' dir='ltr'><strong>psalteria</strong></span> <span class='ocrx_word' id='word_1_217' title='bbox 780 3379 900 3450; x_wconf 88' lang='lat' dir='ltr'><strong>chorda,</strong></span> 
     </span>
     <span class='ocr_line' id='line_1_37' title="bbox 180 3453 940 3544; baseline 0.011 -28"><span class='ocrx_word' id='word_1_218' title='bbox 180 3469 243 3517; x_wconf 89' lang='lat' dir='ltr'><strong>non</strong></span> <span class='ocrx_word' id='word_1_219' title='bbox 262 3453 372 3535; x_wconf 82' lang='lat' dir='ltr'><strong>Libyco</strong></span> <span class='ocrx_word' id='word_1_220' title='bbox 393 3456 497 3544; x_wconf 83' lang='lat' dir='ltr'><strong>molles</strong></span> <span class='ocrx_word' id='word_1_221' title='bbox 517 3457 697 3539; x_wconf 91' lang='lat' dir='ltr'><strong>plauduntur</strong></span> <span class='ocrx_word' id='word_1_222' title='bbox 717 3463 833 3542; x_wconf 89' lang='lat' dir='ltr'><strong>pectine</strong></span> <span class='ocrx_word' id='word_1_223' title='bbox 855 3462 940 3534; x_wconf 88' lang='lat' dir='ltr'><strong>telae,</strong></span> 
     </span>
     <span class='ocr_line' id='line_1_38' title="bbox 180 3534 981 3626; baseline 0.01 -25"><span class='ocrx_word' id='word_1_224' title='bbox 180 3534 262 3601; x_wconf 89' lang='lat' dir='ltr'><strong>nulla</strong></span> <span class='ocrx_word' id='word_1_225' title='bbox 282 3537 380 3602; x_wconf 89' lang='lat' dir='ltr'><strong>colum</strong></span> <span class='ocrx_word' id='word_1_226' title='bbox 401 3542 497 3615; x_wconf 86' lang='lat' dir='ltr'><strong>novit,</strong></span> <span class='ocrx_word' id='word_1_227' title='bbox 521 3561 622 3606; x_wconf 87' lang='lat' dir='ltr'><strong>camm</strong></span> <span class='ocrx_word' id='word_1_228' title='bbox 644 3562 705 3607; x_wconf 90' lang='lat' dir='ltr'><strong>non</strong></span> <span class='ocrx_word' id='word_1_229' title='bbox 726 3546 847 3626; x_wconf 85' lang='lat' dir='ltr'><strong>respicit</strong></span> <span class='ocrx_word' id='word_1_230' title='bbox 868 3563 981 3618; x_wconf 78' lang='lat' dir='ltr'><strong>aurum,</strong></span> 
     </span>
    </p>
   </div>
   <div class='ocr_carea' id='block_1_6' title="bbox 0 0 1260 4096">
    <p class='ocr_par' dir='ltr' id='par_1_15' title="bbox 0 0 1260 4096">
     <span class='ocr_line' id='line_1_39' title="bbox 0 0 1260 4096; baseline 0 2"><span class='ocrx_word' id='word_1_231' title='bbox 0 0 1260 4096; x_wconf 95' lang='lat' dir='ltr'><strong> </strong></span> 
     </span>
    </p>
   </div>
  </div>
 </body>
</html>
