<?xml version="1.0" encoding="UTF-8"?>
<!DOCTYPE html PUBLIC "-//W3C//DTD XHTML 1.0 Transitional//EN"
    "http://www.w3.org/TR/xhtml1/DTD/xhtml1-transitional.dtd">
<html xmlns="http://www.w3.org/1999/xhtml" xml:lang="en" lang="en">
 <head>
  <title>
</title>
<meta http-equiv="Content-Type" content="text/html;charset=utf-8" />
  <meta name='ocr-system' content='tesseract 3.04.00' />
  <meta name='ocr-capabilities' content='ocr_page ocr_carea ocr_par ocr_line ocrx_word'/>
</head>
<body>
  <div class='ocr_page' id='page_1' title='image "./pvergilimaronis12virggoog/pvergilimaronis12virggoog_0174.png"; bbox 0 0 2512 4096; ppageno 0'>
   <div class='ocr_carea' id='block_1_1' title="bbox 396 252 747 302">
    <p class='ocr_par' dir='ltr' id='par_1_1' title="bbox 396 252 747 302">
     <span class='ocr_line' id='line_1_1' title="bbox 396 252 747 302; baseline 0.003 -1"><span class='ocrx_word' id='word_1_1' title='bbox 396 252 541 302; x_wconf 72' lang='lat' dir='ltr'>vunnim</span> <span class='ocrx_word' id='word_1_2' title='bbox 562 252 688 302; x_wconf 71' lang='lat' dir='ltr'>annm!</span> <span class='ocrx_word' id='word_1_3' title='bbox 706 253 747 302; x_wconf 85' lang='lat'>111</span> 
     </span>
    </p>
   </div>
   <div class='ocr_carea' id='block_1_2' title="bbox 27 408 954 3588">
    <p class='ocr_par' dir='ltr' id='par_1_2' title="bbox 27 408 954 3588">
     <span class='ocr_line' id='line_1_2' title="bbox 34 408 787 489; baseline -0.008 -15"><span class='ocrx_word' id='word_1_4' title='bbox 34 464 36 466; x_wconf 59' lang='grc'>,</span> <span class='ocrx_word' id='word_1_5' title='bbox 63 412 233 489; x_wconf 79' lang='lat' dir='ltr'>divinosque</span> <span class='ocrx_word' id='word_1_6' title='bbox 252 408 333 470; x_wconf 88' lang='lat' dir='ltr'>lacus</span> <span class='ocrx_word' id='word_1_7' title='bbox 355 418 385 470; x_wconf 90' lang='lat' dir='ltr'>et</span> <span class='ocrx_word' id='word_1_8' title='bbox 404 410 519 469; x_wconf 87' lang='lat' dir='ltr'>Averna</span> <span class='ocrx_word' id='word_1_9' title='bbox 542 409 673 469; x_wconf 79' lang='lat' dir='ltr'>sonantia</span> <span class='ocrx_word' id='word_1_10' title='bbox 695 408 787 478; x_wconf 85' lang='lat' dir='ltr'>silvis,</span> 
     </span>
     <span class='ocr_line' id='line_1_3' title="bbox 61 492 815 570; baseline -0.004 -13"><span class='ocrx_word' id='word_1_11' title='bbox 61 497 195 557; x_wconf 87' lang='lat' dir='ltr'>insanam</span> <span class='ocrx_word' id='word_1_12' title='bbox 213 500 309 554; x_wconf 87' lang='lat' dir='ltr'>vatem</span> <span class='ocrx_word' id='word_1_13' title='bbox 330 493 466 570; x_wconf 83' lang='lat' dir='ltr'>aspicies,</span> <span class='ocrx_word' id='word_1_14' title='bbox 490 509 565 570; x_wconf 88' lang='lat' dir='ltr'>quae</span> <span class='ocrx_word' id='word_1_15' title='bbox 583 509 658 568; x_wconf 88' lang='lat' dir='ltr'>rupe</span> <span class='ocrx_word' id='word_1_16' title='bbox 680 492 734 554; x_wconf 92' lang='lat' dir='ltr'>sub</span> <span class='ocrx_word' id='word_1_17' title='bbox 757 495 815 554; x_wconf 92' lang='lat' dir='ltr'>ima</span> 
     </span>
     <span class='ocr_line' id='line_1_4' title="bbox 61 575 820 656; baseline -0.004 -17"><span class='ocrx_word' id='word_1_18' title='bbox 61 579 120 639; x_wconf 85' lang='lat' dir='ltr'>fata</span> <span class='ocrx_word' id='word_1_19' title='bbox 144 578 231 638; x_wconf 86' lang='lat' dir='ltr'>canit·</span> <span class='ocrx_word' id='word_1_20' title='bbox 243 575 380 656; x_wconf 80' lang='lat' dir='ltr'>foliisque·</span> <span class='ocrx_word' id='word_1_21' title='bbox 397 582 482 637; x_wconf 90' lang='lat' dir='ltr'>notas</span> <span class='ocrx_word' id='word_1_22' title='bbox 503 583 532 636; x_wconf 95' lang='lat' dir='ltr'>et</span> <span class='ocrx_word' id='word_1_23' title='bbox 552 577 671 637; x_wconf 87' lang='lat' dir='ltr'>nemina</span> <span class='ocrx_word' id='word_1_24' title='bbox 692 577 820 638; x_wconf 89' lang='lat' dir='ltr'>mandat.</span> 
     </span>
     <span class='ocr_line' id='line_1_5' title="bbox 62 658 862 742; baseline 0 -20"><span class='ocrx_word' id='word_1_25' title='bbox 62 678 265 742; x_wconf 88' lang='lat' dir='ltr'>quaecumque</span> <span class='ocrx_word' id='word_1_26' title='bbox 286 661 316 720; x_wconf 93' lang='lat' dir='ltr'>in</span> <span class='ocrx_word' id='word_1_27' title='bbox 338 658 414 720; x_wconf 84' lang='lat' dir='ltr'>foliis</span> <span class='ocrx_word' id='word_1_28' title='bbox 436 659 590 737; x_wconf 81' lang='lat' dir='ltr'>descripsit</span> <span class='ocrx_word' id='word_1_29' title='bbox 612 661 742 721; x_wconf 75' lang='lat' dir='ltr'>emmim</span> <span class='ocrx_word' id='word_1_30' title='bbox 765 661 862 740; x_wconf 82' lang='lat' dir='ltr'>virgo,</span> 
     </span>
     <span class='ocr_line' id='line_1_6' title="bbox 61 743 915 824; baseline -0.001 -18"><span class='ocrx_word' id='word_1_31' title='bbox 61 746 167 823; x_wconf 87' lang='lat' dir='ltr'>digerit</span> <span class='ocrx_word' id='word_1_32' title='bbox 186 745 217 805; x_wconf 92' lang='lat' dir='ltr'>in</span> <span class='ocrx_word' id='word_1_33' title='bbox 238 761 395 805; x_wconf 87' lang='lat' dir='ltr'>numerum</span> <span class='ocrx_word' id='word_1_34' title='bbox 416 749 503 823; x_wconf 89' lang='lat' dir='ltr'>atque</span> <span class='ocrx_word' id='word_1_35' title='bbox 523 750 608 804; x_wconf 90' lang='lat' dir='ltr'>antro</span> <span class='ocrx_word' id='word_1_36' title='bbox 627 743 742 805; x_wconf 86' lang='lat' dir='ltr'>seclusa</span> <span class='ocrx_word' id='word_1_37' title='bbox 762 744 915 824; x_wconf 85' lang='lat' dir='ltr'>relinquit,</span> 
     </span>
     <span class='ocr_line' id='line_1_7' title="bbox 59 826 919 905; baseline -0.003 -13"><span class='ocrx_word' id='word_1_38' title='bbox 59 829 108 892; x_wconf 87' lang='lat' dir='ltr'>illa</span> <span class='ocrx_word' id='word_1_39' title='bbox 126 836 247 891; x_wconf 89' lang='lat' dir='ltr'>manent</span> <span class='ocrx_word' id='word_1_40' title='bbox 265 829 384 888; x_wconf 88' lang='lat' dir='ltr'>immota</span> <span class='ocrx_word' id='word_1_41' title='bbox 406 826 479 888; x_wconf 92' lang='lat' dir='ltr'>locis</span> <span class='ocrx_word' id='word_1_42' title='bbox 499 844 595 905; x_wconf 90' lang='lat' dir='ltr'>neque</span> <span class='ocrx_word' id='word_1_43' title='bbox 612 826 648 887; x_wconf 91' lang='lat' dir='ltr'>ab</span> <span class='ocrx_word' id='word_1_44' title='bbox 671 827 775 889; x_wconf 82' lang='lat' dir='ltr'>ordine</span> <span class='ocrx_word' id='word_1_45' title='bbox 797 829 919 899; x_wconf 87' lang='lat' dir='ltr'>cedunt;</span> 
     </span>
     <span class='ocr_line' id='line_1_8' title="bbox 60 911 855 975; baseline 0 -2"><span class='ocrx_word' id='word_1_46' title='bbox 60 930 162 974; x_wconf 87' lang='lat' dir='ltr'>verum</span> <span class='ocrx_word' id='word_1_47' title='bbox 184 912 286 975; x_wconf 88' lang='lat' dir='ltr'>eadem</span> <span class='ocrx_word' id='word_1_48' title='bbox 305 929 390 973; x_wconf 86' lang='lat' dir='ltr'>verso</span> <span class='ocrx_word' id='word_1_49' title='bbox 410 911 506 973; x_wconf 91' lang='lat' dir='ltr'>tenuis</span> <span class='ocrx_word' id='word_1_50' title='bbox 529 929 596 973; x_wconf 89' lang='lat' dir='ltr'>cum</span> <span class='ocrx_word' id='word_1_51' title='bbox 615 911 735 972; x_wconf 88' lang='lat' dir='ltr'>cardine</span> <span class='ocrx_word' id='word_1_52' title='bbox 752 919 855 974; x_wconf 85' lang='lat' dir='ltr'>ventus</span> 
     </span>
     <span class='ocr_line' id='line_1_9' title="bbox 59 994 769 1074; baseline -0.001 -16"><span class='ocrx_word' id='word_1_53' title='bbox 59 994 174 1074; x_wconf 89' lang='lat' dir='ltr'>impulit</span> <span class='ocrx_word' id='word_1_54' title='bbox 196 1003 225 1058; x_wconf 88' lang='lat' dir='ltr'>et</span> <span class='ocrx_word' id='word_1_55' title='bbox 244 1004 362 1057; x_wconf 88' lang='lat' dir='ltr'>teneras</span> <span class='ocrx_word' id='word_1_56' title='bbox 379 995 506 1056; x_wconf 80' lang='lat' dir='ltr'>turbarit</span> <span class='ocrx_word' id='word_1_57' title='bbox 526 997 613 1056; x_wconf 88' lang='lat' dir='ltr'>ianua</span> <span class='ocrx_word' id='word_1_58' title='bbox 634 994 769 1066; x_wconf 87' lang='lat' dir='ltr'>frondes,</span> 
     </span>
     <span class='ocr_line' id='line_1_10' title="bbox 59 1079 864 1158; baseline 0 -18"><span class='ocrx_word' id='word_1_59' title='bbox 59 1097 220 1158; x_wconf 88' lang='lat' dir='ltr'>numquam</span> <span class='ocrx_word' id='word_1_60' title='bbox 240 1079 346 1141; x_wconf 89' lang='lat' dir='ltr'>deinde</span> <span class='ocrx_word' id='word_1_61' title='bbox 368 1097 438 1140; x_wconf 87' lang='lat' dir='ltr'>cavo</span> <span class='ocrx_word' id='word_1_62' title='bbox 459 1079 605 1141; x_wconf 83' lang='lat' dir='ltr'>volitantia</span> <span class='ocrx_word' id='word_1_63' title='bbox 624 1079 771 1156; x_wconf 85' lang='lat' dir='ltr'>prendere</span> <span class='ocrx_word' id='word_1_64' title='bbox 793 1097 864 1143; x_wconf 85' lang='lat' dir='ltr'>saxo</span> 
     </span>
     <span class='ocr_line' id='line_1_11' title="bbox 59 1164 853 1240; baseline 0.003 -17"><span class='ocrx_word' id='word_1_65' title='bbox 59 1181 116 1223; x_wconf 88' lang='lat' dir='ltr'>nec</span> <span class='ocrx_word' id='word_1_66' title='bbox 136 1180 276 1224; x_wconf 87' lang='lat' dir='ltr'>revocare</span> <span class='ocrx_word' id='word_1_67' title='bbox 296 1165 368 1225; x_wconf 91' lang='lat' dir='ltr'>situs</span> <span class='ocrx_word' id='word_1_68' title='bbox 389 1171 440 1225; x_wconf 90' lang='lat' dir='ltr'>aut</span> <span class='ocrx_word' id='word_1_69' title='bbox 460 1164 584 1240; x_wconf 89' lang='lat' dir='ltr'>iungere</span> <span class='ocrx_word' id='word_1_70' title='bbox 607 1165 736 1223; x_wconf 88' lang='lat' dir='ltr'>carmina</span> <span class='ocrx_word' id='word_1_71' title='bbox 754 1173 853 1225; x_wconf 86' lang='lat' dir='ltr'>curat:</span> 
     </span>
     <span class='ocr_line' id='line_1_12' title="bbox 58 1246 793 1326; baseline -0.001 -18"><span class='ocrx_word' id='word_1_72' title='bbox 58 1246 215 1308; x_wconf 84' lang='lat' dir='ltr'>inconsulti</span> <span class='ocrx_word' id='word_1_73' title='bbox 236 1246 346 1308; x_wconf 91' lang='lat' dir='ltr'>abeunt</span> <span class='ocrx_word' id='word_1_74' title='bbox 366 1248 524 1326; x_wconf 90' lang='lat' dir='ltr'>sedemque</span> <span class='ocrx_word' id='word_1_75' title='bbox 545 1247 635 1308; x_wconf 90' lang='lat' dir='ltr'>odere</span> <span class='ocrx_word' id='word_1_76' title='bbox 657 1246 793 1326; x_wconf 73' lang='lat' dir='ltr'>Sibyllae.</span> 
     </span>
     <span class='ocr_line' id='line_1_13' title="bbox 59 1330 823 1409; baseline 0.003 -19"><span class='ocrx_word' id='word_1_77' title='bbox 59 1330 110 1391; x_wconf 90' lang='lat' dir='ltr'>hic</span> <span class='ocrx_word' id='word_1_78' title='bbox 131 1330 184 1391; x_wconf 91' lang='lat' dir='ltr'>tibi</span> <span class='ocrx_word' id='word_1_79' title='bbox 201 1348 297 1409; x_wconf 88' lang='lat' dir='ltr'>nequa</span> <span class='ocrx_word' id='word_1_80' title='bbox 319 1347 420 1392; x_wconf 87' lang='lat' dir='ltr'>morae</span> <span class='ocrx_word' id='word_1_81' title='bbox 440 1332 550 1392; x_wconf 87' lang='lat' dir='ltr'>luerint</span> <span class='ocrx_word' id='word_1_82' title='bbox 571 1330 720 1409; x_wconf 90' lang='lat' dir='ltr'>dispendia</span> <span class='ocrx_word' id='word_1_83' title='bbox 737 1333 823 1400; x_wconf 87' lang='lat' dir='ltr'>tanti,</span> 
     </span>
     <span class='ocr_line' id='line_1_14' title="bbox 60 1414 865 1493; baseline 0.001 -18"><span class='ocrx_word' id='word_1_84' title='bbox 60 1416 190 1493; x_wconf 86' lang='lat' dir='ltr'>quamvis</span> <span class='ocrx_word' id='word_1_85' title='bbox 211 1415 387 1492; x_wconf 88' lang='lat' dir='ltr'>increpitent</span> <span class='ocrx_word' id='word_1_86' title='bbox 408 1416 479 1475; x_wconf 88' lang='lat' dir='ltr'>socii</span> <span class='ocrx_word' id='word_1_87' title='bbox 501 1423 529 1474; x_wconf 93' lang='lat' dir='ltr'>et</span> <span class='ocrx_word' id='word_1_88' title='bbox 549 1417 577 1476; x_wconf 86' lang='lat' dir='ltr'>vi</span> <span class='ocrx_word' id='word_1_89' title='bbox 599 1432 703 1475; x_wconf 88' lang='lat' dir='ltr'>cursus</span> <span class='ocrx_word' id='word_1_90' title='bbox 724 1416 755 1475; x_wconf 92' lang='lat' dir='ltr'>in</span> <span class='ocrx_word' id='word_1_91' title='bbox 773 1414 865 1476; x_wconf 88' lang='lat' dir='ltr'>altum</span> 
     </span>
     <span class='ocr_line' id='line_1_15' title="bbox 59 1496 823 1578; baseline 0.005 -24"><span class='ocrx_word' id='word_1_92' title='bbox 59 1498 122 1560; x_wconf 87' lang='lat' dir='ltr'>vela</span> <span class='ocrx_word' id='word_1_93' title='bbox 144 1505 229 1559; x_wconf 85' lang='lat' dir='ltr'>vocet</span> <span class='ocrx_word' id='word_1_94' title='bbox 247 1499 399 1578; x_wconf 91' lang='lat' dir='ltr'>possisque</span> <span class='ocrx_word' id='word_1_95' title='bbox 420 1498 501 1559; x_wconf 91' lang='lat' dir='ltr'>sinus</span> <span class='ocrx_word' id='word_1_96' title='bbox 518 1496 641 1577; x_wconf 89' lang='lat' dir='ltr'>implere</span> <span class='ocrx_word' id='word_1_97' title='bbox 662 1498 823 1568; x_wconf 85' lang='lat' dir='ltr'>secundos,</span> 
     </span>
     <span class='ocr_line' id='line_1_16' title="bbox 59 1581 853 1661; baseline 0 -19"><span class='ocrx_word' id='word_1_98' title='bbox 59 1584 131 1660; x_wconf 92' lang='lat' dir='ltr'>quin</span> <span class='ocrx_word' id='word_1_99' title='bbox 152 1581 240 1643; x_wconf 84' lang='lat' dir='ltr'>adeas</span> <span class='ocrx_word' id='word_1_100' title='bbox 261 1589 356 1642; x_wconf 88' lang='lat' dir='ltr'>vatem</span> <span class='ocrx_word' id='word_1_101' title='bbox 378 1581 576 1661; x_wconf 89' lang='lat' dir='ltr'>precibusque</span> <span class='ocrx_word' id='word_1_102' title='bbox 599 1581 717 1643; x_wconf 88' lang='lat' dir='ltr'>oracula</span> <span class='ocrx_word' id='word_1_103' title='bbox 739 1599 853 1660; x_wconf 84' lang='lat' dir='ltr'>poscas.</span> 
     </span>
     <span class='ocr_line' id='line_1_17' title="bbox 57 1664 864 1745; baseline 0.002 -20"><span class='ocrx_word' id='word_1_104' title='bbox 57 1669 122 1743; x_wconf 88' lang='lat' dir='ltr'>ipsa</span> <span class='ocrx_word' id='word_1_105' title='bbox 144 1673 229 1726; x_wconf 85' lang='lat' dir='ltr'>canat</span> <span class='ocrx_word' id='word_1_106' title='bbox 249 1683 409 1744; x_wconf 85' lang='lat' dir='ltr'>vocemque</span> <span class='ocrx_word' id='word_1_107' title='bbox 427 1667 528 1727; x_wconf 87' lang='lat' dir='ltr'>volens</span> <span class='ocrx_word' id='word_1_108' title='bbox 549 1672 636 1745; x_wconf 89' lang='lat' dir='ltr'>atquc</span> <span class='ocrx_word' id='word_1_109' title='bbox 659 1684 711 1726; x_wconf 90' lang='lat' dir='ltr'>ora</span> <span class='ocrx_word' id='word_1_110' title='bbox 729 1664 864 1728; x_wconf 87' lang='lat' dir='ltr'>resolvat.</span> 
     </span>
     <span class='ocr_line' id='line_1_18' title="bbox 58 1747 744 1829; baseline 0.004 -20"><span class='ocrx_word' id='word_1_111' title='bbox 58 1747 107 1810; x_wconf 89' lang='lat' dir='ltr'>iila</span> <span class='ocrx_word' id='word_1_112' title='bbox 129 1748 182 1809; x_wconf 92' lang='lat' dir='ltr'>tibi</span> <span class='ocrx_word' id='word_1_113' title='bbox 203 1748 302 1810; x_wconf 84' lang='lat' dir='ltr'>ltaliae</span> <span class='ocrx_word' id='word_1_114' title='bbox 321 1750 447 1829; x_wconf 89' lang='lat' dir='ltr'>populos</span> <span class='ocrx_word' id='word_1_115' title='bbox 465 1758 648 1829; x_wconf 79' lang='lat' dir='ltr'>venturaque</span> <span class='ocrx_word' id='word_1_116' title='bbox 668 1749 744 1812; x_wconf 87' lang='lat' dir='ltr'>bella</span> 
     </span>
     <span class='ocr_line' id='line_1_19' title="bbox 59 1832 930 1913; baseline -0.001 -19"><span class='ocrx_word' id='word_1_117' title='bbox 59 1840 88 1894; x_wconf 89' lang='lat' dir='ltr'>et</span> <span class='ocrx_word' id='word_1_118' title='bbox 107 1851 164 1912; x_wconf 93' lang='lat' dir='ltr'>quo</span> <span class='ocrx_word' id='word_1_119' title='bbox 186 1850 331 1912; x_wconf 87' lang='lat' dir='ltr'>quemque</span> <span class='ocrx_word' id='word_1_120' title='bbox 353 1834 441 1895; x_wconf 91' lang='lat' dir='ltr'>medo</span> <span class='ocrx_word' id='word_1_121' title='bbox 464 1834 616 1913; x_wconf 83' lang='lat' dir='ltr'>fugiasque</span> <span class='ocrx_word' id='word_1_122' title='bbox 637 1833 776 1913; x_wconf 90' lang='lat' dir='ltr'>ferasque</span> <span class='ocrx_word' id='word_1_123' title='bbox 797 1832 930 1895; x_wconf 90' lang='lat' dir='ltr'>laborem</span> 
     </span>
     <span class='ocr_line' id='line_1_20' title="bbox 58 1916 831 1996; baseline -0.003 -20"><span class='ocrx_word' id='word_1_124' title='bbox 58 1916 207 1993; x_wconf 82' lang='lat' dir='ltr'>expediet,</span> <span class='ocrx_word' id='word_1_125' title='bbox 232 1935 396 1996; x_wconf 88' lang='lat' dir='ltr'>cursusque</span> <span class='ocrx_word' id='word_1_126' title='bbox 418 1917 498 1980; x_wconf 85' lang='lat' dir='ltr'>dabit</span> <span class='ocrx_word' id='word_1_127' title='bbox 516 1927 654 1979; x_wconf 88' lang='lat' dir='ltr'>venerata</span> <span class='ocrx_word' id='word_1_128' title='bbox 676 1916 831 1978; x_wconf 88' lang='lat' dir='ltr'>secundos.</span> 
     </span>
     <span class='ocr_line' id='line_1_21' title="bbox 56 1999 850 2078; baseline -0.001 -18"><span class='ocrx_word' id='word_1_129' title='bbox 56 1999 131 2061; x_wconf 86' lang='lat' dir='ltr'>haec</span> <span class='ocrx_word' id='word_1_130' title='bbox 153 2009 235 2070; x_wconf 91' lang='lat' dir='ltr'>sunt,</span> <span class='ocrx_word' id='word_1_131' title='bbox 259 2018 334 2078; x_wconf 88' lang='lat' dir='ltr'>quae</span> <span class='ocrx_word' id='word_1_132' title='bbox 355 2009 455 2062; x_wconf 90' lang='lat' dir='ltr'>nostra</span> <span class='ocrx_word' id='word_1_133' title='bbox 477 2001 563 2062; x_wconf 89' lang='lat' dir='ltr'>liceat</span> <span class='ocrx_word' id='word_1_134' title='bbox 583 2010 612 2062; x_wconf 92' lang='lat' dir='ltr'>te</span> <span class='ocrx_word' id='word_1_135' title='bbox 633 2020 705 2062; x_wconf 83' lang='lat' dir='ltr'>voce</span> <span class='ocrx_word' id='word_1_136' title='bbox 726 2001 850 2061; x_wconf 88' lang='lat' dir='ltr'>moneri.</span> 
     </span>
     <span class='ocr_line' id='line_1_22' title="bbox 60 2080 954 2159; baseline 0 -17"><span class='ocrx_word' id='word_1_137' title='bbox 60 2083 131 2144; x_wconf 76' lang='lat' dir='ltr'>rade</span> <span class='ocrx_word' id='word_1_138' title='bbox 152 2099 207 2159; x_wconf 87' lang='lat' dir='ltr'>age</span> <span class='ocrx_word' id='word_1_139' title='bbox 225 2085 418 2158; x_wconf 78' lang='lat' dir='ltr'>mingentem</span> <span class='ocrx_word' id='word_1_140' title='bbox 440 2086 524 2145; x_wconf 88' lang='lat' dir='ltr'>lactis</span> <span class='ocrx_word' id='word_1_141' title='bbox 545 2086 589 2146; x_wconf 88' lang='lat' dir='ltr'>ler</span> <span class='ocrx_word' id='word_1_142' title='bbox 611 2085 648 2146; x_wconf 92' lang='lat' dir='ltr'>ad</span> <span class='ocrx_word' id='word_1_143' title='bbox 669 2083 789 2145; x_wconf 86' lang='lat' dir='ltr'>aethera</span> <span class='ocrx_word' id='word_1_144' title='bbox 811 2080 954 2143; x_wconf 71' lang='lat' dir='ltr'>Troiam·</span> 
     </span>
     <span class='ocr_line' id='line_1_23' title="bbox 101 2166 911 2244; baseline 0 -19"><span class='ocrx_word' id='word_1_145' title='bbox 101 2166 182 2236; x_wconf 87' lang='lat' dir='ltr'>Quae</span> <span class='ocrx_word' id='word_1_146' title='bbox 203 2173 359 2244; x_wconf 89' lang='lat' dir='ltr'>postquam</span> <span class='ocrx_word' id='word_1_147' title='bbox 373 2175 452 2228; x_wconf 86' lang='lat' dir='ltr'>vates</span> <span class='ocrx_word' id='word_1_148' title='bbox 476 2169 518 2227; x_wconf 92' lang='lat' dir='ltr'>sic</span> <span class='ocrx_word' id='word_1_149' title='bbox 540 2186 592 2229; x_wconf 91' lang='lat' dir='ltr'>ore</span> <span class='ocrx_word' id='word_1_150' title='bbox 615 2169 718 2228; x_wconf 86' lang='lat' dir='ltr'>ellatus</span> <span class='ocrx_word' id='word_1_151' title='bbox 739 2167 831 2226; x_wconf 88' lang='lat' dir='ltr'>amico</span> <span class='ocrx_word' id='word_1_152' title='bbox 852 2173 911 2236; x_wconf 92' lang='lat' dir='ltr'>est,</span> 
     </span>
     <span class='ocr_line' id='line_1_24' title="bbox 57 2249 812 2330; baseline -0.004 -19"><span class='ocrx_word' id='word_1_153' title='bbox 57 2251 133 2311; x_wconf 85' lang='lat' dir='ltr'>dona</span> <span class='ocrx_word' id='word_1_154' title='bbox 157 2249 263 2310; x_wconf 89' lang='lat' dir='ltr'>dehinc</span> <span class='ocrx_word' id='word_1_155' title='bbox 286 2261 359 2309; x_wconf 86' lang='lat' dir='ltr'>auro</span> <span class='ocrx_word' id='word_1_156' title='bbox 382 2252 482 2328; x_wconf 84' lang='lat' dir='ltr'>gravia</span> <span class='ocrx_word' id='word_1_157' title='bbox 495 2256 635 2330; x_wconf 86' lang='lat' dir='ltr'>sectoque</span> <span class='ocrx_word' id='word_1_158' title='bbox 658 2249 812 2328; x_wconf 87' lang='lat' dir='ltr'>elephanto</span> 
     </span>
     <span class='ocr_line' id='line_1_25' title="bbox 56 2334 739 2414; baseline -0.001 -20"><span class='ocrx_word' id='word_1_159' title='bbox 56 2336 183 2412; x_wconf 88' lang='lat' dir='ltr'>imperat</span> <span class='ocrx_word' id='word_1_160' title='bbox 205 2334 241 2394; x_wconf 92' lang='lat' dir='ltr'>ad</span> <span class='ocrx_word' id='word_1_161' title='bbox 262 2334 343 2394; x_wconf 85' lang='lat' dir='ltr'>navis</span> <span class='ocrx_word' id='word_1_162' title='bbox 365 2334 450 2405; x_wconf 88' lang='lat' dir='ltr'>ierri,</span> <span class='ocrx_word' id='word_1_163' title='bbox 474 2334 618 2414; x_wconf 91' lang='lat' dir='ltr'>stipatque</span> <span class='ocrx_word' id='word_1_164' title='bbox 633 2335 739 2396; x_wconf 89' lang='lat' dir='ltr'>carinis</span> 
     </span>
     <span class='ocr_line' id='line_1_26' title="bbox 56 2417 738 2497; baseline 0 -19"><span class='ocrx_word' id='word_1_165' title='bbox 56 2434 160 2496; x_wconf 81' lang='lat' dir='ltr'>ingens</span> <span class='ocrx_word' id='word_1_166' title='bbox 182 2424 337 2496; x_wconf 89' lang='lat' dir='ltr'>argentum</span> <span class='ocrx_word' id='word_1_167' title='bbox 359 2417 591 2497; x_wconf 85' lang='lat' dir='ltr'>llodonaeosque</span> <span class='ocrx_word' id='word_1_168' title='bbox 612 2419 738 2488; x_wconf 88' lang='lat' dir='ltr'>lebetas,</span> 
     </span>
     <span class='ocr_line' id='line_1_27' title="bbox 56 2501 775 2582; baseline 0.003 -22"><span class='ocrx_word' id='word_1_169' title='bbox 56 2501 179 2563; x_wconf 89' lang='lat' dir='ltr'>loricam</span> <span class='ocrx_word' id='word_1_170' title='bbox 198 2510 363 2564; x_wconf 88' lang='lat' dir='ltr'>consertam</span> <span class='ocrx_word' id='word_1_171' title='bbox 384 2502 477 2564; x_wconf 91' lang='lat' dir='ltr'>hamis</span> <span class='ocrx_word' id='word_1_172' title='bbox 496 2521 628 2582; x_wconf 91' lang='lat' dir='ltr'>auroque</span> <span class='ocrx_word' id='word_1_173' title='bbox 650 2501 775 2564; x_wconf 90' lang='lat' dir='ltr'>trilicem</span> 
     </span>
     <span class='ocr_line' id='line_1_28' title="bbox 57 2587 839 2667; baseline 0 -20"><span class='ocrx_word' id='word_1_174' title='bbox 57 2593 87 2647; x_wconf 89' lang='lat' dir='ltr'>et</span> <span class='ocrx_word' id='word_1_175' title='bbox 107 2603 215 2647; x_wconf 90' lang='lat' dir='ltr'>conum</span> <span class='ocrx_word' id='word_1_176' title='bbox 236 2587 356 2666; x_wconf 89' lang='lat' dir='ltr'>insignis</span> <span class='ocrx_word' id='word_1_177' title='bbox 378 2587 479 2664; x_wconf 83' lang='lat' dir='ltr'>galeae</span> <span class='ocrx_word' id='word_1_178' title='bbox 501 2587 662 2667; x_wconf 87' lang='lat' dir='ltr'>cristasque</span> <span class='ocrx_word' id='word_1_179' title='bbox 684 2587 839 2655; x_wconf 88' lang='lat' dir='ltr'>comantis,</span> 
     </span>
     <span class='ocr_line' id='line_1_29' title="bbox 58 2669 828 2750; baseline 0.001 -22"><span class='ocrx_word' id='word_1_180' title='bbox 58 2685 140 2728; x_wconf 83' lang='lat' dir='ltr'>arma</span> <span class='ocrx_word' id='word_1_181' title='bbox 160 2669 352 2748; x_wconf 81' lang='lat' dir='ltr'>Neoptolemi.</span> <span class='ocrx_word' id='word_1_182' title='bbox 397 2680 466 2732; x_wconf 92' lang='lat' dir='ltr'>sunt</span> <span class='ocrx_word' id='word_1_183' title='bbox 488 2680 517 2732; x_wconf 91' lang='lat' dir='ltr'>et</span> <span class='ocrx_word' id='word_1_184' title='bbox 537 2689 589 2733; x_wconf 91' lang='lat' dir='ltr'>sua</span> <span class='ocrx_word' id='word_1_185' title='bbox 611 2672 688 2733; x_wconf 89' lang='lat' dir='ltr'>dona</span> <span class='ocrx_word' id='word_1_186' title='bbox 704 2672 828 2750; x_wconf 89' lang='lat' dir='ltr'>parenti.</span> 
     </span>
     <span class='ocr_line' id='line_1_30' title="bbox 57 2752 537 2834; baseline 0.008 -23"><span class='ocrx_word' id='word_1_187' title='bbox 57 2752 137 2812; x_wconf 90' lang='lat' dir='ltr'>addit</span> <span class='ocrx_word' id='word_1_188' title='bbox 160 2772 250 2833; x_wconf 88' lang='lat' dir='ltr'>equos</span> <span class='ocrx_word' id='word_1_189' title='bbox 269 2755 407 2834; x_wconf 91' lang='lat' dir='ltr'>additque</span> <span class='ocrx_word' id='word_1_190' title='bbox 429 2756 537 2825; x_wconf 89' lang='lat' dir='ltr'>duces,</span> 
     </span>
     <span class='ocr_line' id='line_1_31' title="bbox 58 2837 848 2915; baseline 0.005 -20"><span class='ocrx_word' id='word_1_191' title='bbox 58 2837 215 2913; x_wconf 78' lang='lat' dir='ltr'>remigium</span> <span class='ocrx_word' id='word_1_192' title='bbox 234 2837 366 2915; x_wconf 88' lang='lat' dir='ltr'>supplet,</span> <span class='ocrx_word' id='word_1_193' title='bbox 387 2840 483 2899; x_wconf 91' lang='lat' dir='ltr'>socios</span> <span class='ocrx_word' id='word_1_194' title='bbox 504 2839 590 2900; x_wconf 92' lang='lat' dir='ltr'>simul</span> <span class='ocrx_word' id='word_1_195' title='bbox 612 2841 730 2900; x_wconf 90' lang='lat' dir='ltr'>instruit</span> <span class='ocrx_word' id='word_1_196' title='bbox 751 2840 848 2899; x_wconf 90' lang='lat' dir='ltr'>armis.</span> 
     </span>
     <span class='ocr_line' id='line_1_32' title="bbox 100 2917 713 3000; baseline 0.007 -22"><span class='ocrx_word' id='word_1_197' title='bbox 100 2917 215 2979; x_wconf 87' lang='lat' dir='ltr'>interea</span> <span class='ocrx_word' id='word_1_198' title='bbox 234 2919 357 2980; x_wconf 89' lang='lat' dir='ltr'>classem</span> <span class='ocrx_word' id='word_1_199' title='bbox 378 2920 448 2980; x_wconf 87' lang='lat' dir='ltr'>velis</span> <span class='ocrx_word' id='word_1_200' title='bbox 471 2928 572 3000; x_wconf 90' lang='lat' dir='ltr'>aptare</span> <span class='ocrx_word' id='word_1_201' title='bbox 592 2923 713 2984; x_wconf 83' lang='lat' dir='ltr'>iubebat</span> 
     </span>
     <span class='ocr_line' id='line_1_33' title="bbox 57 3002 776 3082; baseline 0.006 -22"><span class='ocrx_word' id='word_1_202' title='bbox 57 3002 213 3072; x_wconf 81' lang='lat' dir='ltr'>Anchises,</span> <span class='ocrx_word' id='word_1_203' title='bbox 235 3003 319 3063; x_wconf 86' lang='lat' dir='ltr'>fleret</span> <span class='ocrx_word' id='word_1_204' title='bbox 339 3008 425 3062; x_wconf 87' lang='lat' dir='ltr'>vento</span> <span class='ocrx_word' id='word_1_205' title='bbox 442 3021 525 3064; x_wconf 88' lang='lat' dir='ltr'>mora</span> <span class='ocrx_word' id='word_1_206' title='bbox 543 3022 640 3082; x_wconf 88' lang='lat' dir='ltr'>nequa</span> <span class='ocrx_word' id='word_1_207' title='bbox 660 3006 776 3066; x_wconf 81' lang='lat' dir='ltr'>ferenti.</span> 
     </span>
     <span class='ocr_line' id='line_1_34' title="bbox 27 3085 887 3166; baseline 0.009 -23"><span class='ocrx_word' id='word_1_208' title='bbox 27 3116 29 3119; x_wconf 94' lang='lat'>·</span> <span class='ocrx_word' id='word_1_209' title='bbox 59 3103 147 3163; x_wconf 89' lang='lat' dir='ltr'>quem</span> <span class='ocrx_word' id='word_1_210' title='bbox 168 3085 281 3146; x_wconf 90' lang='lat' dir='ltr'>Phoebi</span> <span class='ocrx_word' id='word_1_211' title='bbox 302 3087 448 3164; x_wconf 86' lang='lat' dir='ltr'>interpres</span> <span class='ocrx_word' id='word_1_212' title='bbox 468 3085 560 3147; x_wconf 91' lang='lat' dir='ltr'>multe</span> <span class='ocrx_word' id='word_1_213' title='bbox 583 3087 739 3166; x_wconf 87' lang='lat' dir='ltr'>compellat</span> <span class='ocrx_word' id='word_1_214' title='bbox 759 3087 887 3151; x_wconf 86' lang='lat' dir='ltr'>honora:</span> 
     </span>
     <span class='ocr_line' id='line_1_35' title="bbox 58 3169 837 3251; baseline 0.005 -23"><span class='ocrx_word' id='word_1_215' title='bbox 58 3169 225 3248; x_wconf 61' lang='lat' dir='ltr'>coniugio,</span> <span class='ocrx_word' id='word_1_216' title='bbox 248 3170 389 3239; x_wconf 76' lang='lat' dir='ltr'>Anchisa,</span> <span class='ocrx_word' id='word_1_217' title='bbox 414 3169 535 3231; x_wconf 90' lang='lat' dir='ltr'>Veneris</span> <span class='ocrx_word' id='word_1_218' title='bbox 555 3172 672 3251; x_wconf 88' lang='lat' dir='ltr'>dignate</span> <span class='ocrx_word' id='word_1_219' title='bbox 692 3171 837 3249; x_wconf 86' lang='lat' dir='ltr'>superbe,</span> 
     </span>
     <span class='ocr_line' id='line_1_36' title="bbox 58 3253 760 3335; baseline 0.003 -23"><span class='ocrx_word' id='word_1_220' title='bbox 58 3271 130 3312; x_wconf 88' lang='lat' dir='ltr'>cura</span> <span class='ocrx_word' id='word_1_221' title='bbox 153 3253 255 3322; x_wconf 88' lang='lat' dir='ltr'>deum,</span> <span class='ocrx_word' id='word_1_222' title='bbox 278 3253 323 3314; x_wconf 94' lang='lat' dir='ltr'>bis</span> <span class='ocrx_word' id='word_1_223' title='bbox 344 3254 513 3332; x_wconf 88' lang='lat' dir='ltr'>Pergameis</span> <span class='ocrx_word' id='word_1_224' title='bbox 532 3265 634 3335; x_wconf 88' lang='lat' dir='ltr'>erepte</span> <span class='ocrx_word' id='word_1_225' title='bbox 653 3257 760 3325; x_wconf 89' lang='lat' dir='ltr'>ruinis,</span> 
     </span>
     <span class='ocr_line' id='line_1_37' title="bbox 57 3336 802 3419; baseline 0.007 -22"><span class='ocrx_word' id='word_1_226' title='bbox 57 3353 128 3397; x_wconf 87' lang='lat' dir='ltr'>ecce</span> <span class='ocrx_word' id='word_1_227' title='bbox 148 3336 201 3396; x_wconf 92' lang='lat' dir='ltr'>tibi</span> <span class='ocrx_word' id='word_1_228' title='bbox 218 3338 363 3398; x_wconf 77' lang='lat' dir='ltr'>Ausoniae</span> <span class='ocrx_word' id='word_1_229' title='bbox 383 3338 483 3401; x_wconf 85' lang='lat' dir='ltr'>tellus:</span> <span class='ocrx_word' id='word_1_230' title='bbox 505 3339 582 3401; x_wconf 90' lang='lat' dir='ltr'>hanc</span> <span class='ocrx_word' id='word_1_231' title='bbox 604 3343 702 3419; x_wconf 87' lang='lat' dir='ltr'>arripe</span> <span class='ocrx_word' id='word_1_232' title='bbox 723 3339 802 3402; x_wconf 84' lang='lat' dir='ltr'>velis.</span> 
     </span>
     <span class='ocr_line' id='line_1_38' title="bbox 56 3421 854 3502; baseline 0.009 -21"><span class='ocrx_word' id='word_1_233' title='bbox 56 3425 206 3481; x_wconf 89' lang='lat' dir='ltr'>ettamen</span> <span class='ocrx_word' id='word_1_234' title='bbox 227 3421 303 3481; x_wconf 92' lang='lat' dir='ltr'>hanc</span> <span class='ocrx_word' id='word_1_235' title='bbox 324 3421 428 3499; x_wconf 89' lang='lat' dir='ltr'>pelago</span> <span class='ocrx_word' id='word_1_236' title='bbox 449 3424 669 3502; x_wconf 88' lang='lat' dir='ltr'>praeterlabare</span> <span class='ocrx_word' id='word_1_237' title='bbox 691 3435 854 3488; x_wconf 87' lang='lat' dir='ltr'>necessest:</span> 
     </span>
     <span class='ocr_line' id='line_1_39' title="bbox 57 3503 871 3588; baseline 0.011 -26"><span class='ocrx_word' id='word_1_238' title='bbox 57 3503 203 3565; x_wconf 87' lang='lat' dir='ltr'>Ausoniae</span> <span class='ocrx_word' id='word_1_239' title='bbox 224 3522 294 3582; x_wconf 87' lang='lat' dir='ltr'>pars</span> <span class='ocrx_word' id='word_1_240' title='bbox 317 3503 365 3564; x_wconf 89' lang='lat' dir='ltr'>illa</span> <span class='ocrx_word' id='word_1_241' title='bbox 386 3507 505 3583; x_wconf 89' lang='lat' dir='ltr'>procul,</span> <span class='ocrx_word' id='word_1_242' title='bbox 529 3527 617 3587; x_wconf 62' lang='lat' dir='ltr'>mam</span> <span class='ocrx_word' id='word_1_243' title='bbox 638 3510 739 3588; x_wconf 88' lang='lat' dir='ltr'>pandit</span> <span class='ocrx_word' id='word_1_244' title='bbox 760 3509 871 3588; x_wconf 88' lang='lat' dir='ltr'>Apollo.</span> 
     </span>
    </p>
   </div>
   <div class='ocr_carea' id='block_1_3' title="bbox 0 0 1260 4096">
    <p class='ocr_par' dir='ltr' id='par_1_3' title="bbox 0 0 1260 4096">
     <span class='ocr_line' id='line_1_40' title="bbox 0 0 1260 4096; baseline 0 1"><span class='ocrx_word' id='word_1_245' title='bbox 0 0 1260 4096; x_wconf 95' lang='lat' dir='ltr'> </span> 
     </span>
    </p>
   </div>
  </div>
 </body>
</html>
