2512 4096
111 257 168 319 156
438 268 583 318 venarer
605 268 731 317 aenens
754 269 808 316 1111

106 425 196 491 misit,
220 425 265 484 avi
289 422 404 494 similis,
424 441 499 504 quae
522 425 633 486 circum
655 423 755 494 litora,
779 424 891 486 circum

106 508 236 585 piscosos
259 506 395 586 scopulos
416 506 534 568 humilis
554 506 632 567 volat
654 524 783 585 aequora
804 510 893 570 iuxta.
1081 523 1136 579 ἰω

107 589 192 670 [haut
213 589 296 651 aliter
317 597 413 652 terras
434 593 511 653 inter
533 589 705 669 caelumque
727 590 843 652 volabat

105 673 174 734 litus
191 673 370 736 harenosum
392 675 428 736 ad
450 674 558 754 Libyae
578 682 739 752 ventosque
758 675 876 736 secabat

106 764 239 818 materno
261 759 380 820 veniens
399 758 435 819 ah
458 777 510 819 avo
532 757 658 838 Cyllenia
679 757 804 838 proles]

105 847 138 901 ut
157 843 286 919 primum
306 841 388 903 alatis
410 843 504 919 tetigit
523 840 647 919 magalia
667 841 789 921 plantis,

108 925 224 986 denean
244 925 417 987 fundantem
439 943 523 987 arces
541 943 575 986 ac
597 931 672 986 tecta
691 932 847 987 novantem

106 1009 257 1086 conspicit
284 1016 388 1088 atque
410 1009 451 1070 illi
472 1008 603 1070 stellatus
624 1009 736 1088 iaspide
757 1008 834 1070 fulva

105 1093 182 1152 ensis
204 1099 282 1162 erat,
305 1092 454 1173 Tyrioque
472 1091 595 1154 ardebat
617 1094 729 1154 murice
750 1092 834 1154 laena

107 1175 234 1237 demissa
256 1194 292 1238 er
314 1178 439 1247 umeris,
462 1177 542 1239 dives
564 1194 639 1255 quae
661 1194 784 1238 munera
805 1177 879 1238 Dido

104 1259 215 1321 iecerat
236 1267 265 1321 et
286 1262 368 1322 tenui
390 1258 464 1322 telas
487 1260 666 1322 discreverat
688 1278 770 1321 auro.

105 1344 243 1405 continuo
264 1344 387 1405 invadit:
412 1352 460 1406 ‘tu
482 1363 563 1406 nune
580 1344 769 1442 Karthaginis
788 1342 863 1404 altae

106 1426 293 1488 fundamenta
314 1427 395 1490 locas
416 1428 631 1508 pulchramque
655 1429 776 1489 uxorius
797 1427 902 1488 urbem

105 1511 216 1570 extruis
238 1510 297 1571 heu
317 1515 403 1590 regni
420 1530 581 1592 rerumque
602 1510 693 1572 oblite
713 1512 849 1572 tuarum?

21 1646 23 1651 .
104 1595 167 1672 ipse
190 1593 279 1656 deum
298 1595 351 1655 tihi
373 1615 421 1657 me
443 1596 523 1657 claro
546 1597 670 1658 demittit
692 1593 815 1673 Olympo

104 1684 258 1753 regnator,
283 1677 397 1740 caelum
416 1697 451 1740 ac
472 1686 568 1740 terras
593 1680 644 1757 qni
660 1678 782 1739 numine
802 1684 933 1757 torquet,

104 1761 167 1840 ipse
188 1760 262 1822 haec
283 1761 364 1824 ierre
383 1762 466 1823 iubet
487 1762 593 1824 celeris
614 1760 751 1822 mandata
766 1778 821 1838 per
843 1778 943 1822 auras:

104 1844 176 1923 quid
196 1846 304 1907 struis?
325 1855 376 1908 aut
398 1865 455 1926 qua
474 1864 527 1925 spe
549 1844 663 1924 libycis
683 1845 754 1906 teris
775 1845 832 1906 otia
853 1845 958 1905 terris?

104 1929 128 1988 si
150 1935 179 1989 te
199 1927 279 1990 nulla
299 1938 397 1991 movet
418 1936 565 1992 tantarum
586 1928 679 2007 gloria
699 1945 819 1999 rerum,

103 2012 261 2074 Ascanium
280 2022 452 2094 surgentem
475 2022 503 2076 et
523 2030 591 2091 spes
612 2011 729 2074 heredis
748 2010 802 2073 luli

103 2096 235 2174 respice,
260 2099 307 2158 cui
328 2116 454 2177 regnum
473 2097 572 2160 ltaliae
594 2097 785 2174 Romanaque
808 2095 893 2158 tellus

104 2178 278 2242 debentur.'
322 2181 372 2242 tali
394 2181 540 2262 Cyllenius
559 2200 611 2243 ore
630 2180 745 2243 loeutus

103 2262 234 2323 mortahs
254 2265 332 2326 risus
351 2267 447 2328 medio
469 2284 606 2328 sermone
628 2265 759 2344 reliquit,

103 2352 133 2406 et
153 2346 259 2424 procul
281 2349 311 2408 in
329 2356 449 2412 tenuem
468 2369 504 2413 ex
526 2349 618 2410 oculis
640 2348 757 2410 evanuit
776 2364 887 2408 auram.

145 2431 182 2489 ht
202 2447 273 2491 reno
295 2434 407 2494 deneas
429 2440 549 2511 aspectu
568 2432 715 2493 obmutuit
738 2449 860 2509 amens,

103 2521 296 2593 arrectaeque
316 2514 443 2578 horrore
465 2535 593 2587 comae„
606 2522 636 2576 et
656 2532 711 2574 vox
731 2514 865 2596 faucibus
885 2512 987 2576 haesit
1009 2575 1013 2581 ,
1078 2524 1130 2581 28⁰

104 2596 188 2658 ardet
208 2596 291 2658 abire
312 2598 380 2676 iuga
399 2597 551 2678 dulcisque
572 2597 740 2677 relinquere
761 2604 871 2668 terras,
938 2605 946 2612 ‘

104 2682 243 2742 attonitus
263 2688 344 2742 tanto
361 2683 474 2743 monitu
494 2683 678 2761 imperioque
699 2681 832 2741 deorum.

102 2764 161 2825 heu
183 2764 253 2843 quid
275 2766 359 2842 agat?
379 2783 437 2844 quo
455 2783 536 2828 nuno
557 2765 690 2841 reginam
712 2762 825 2841 ambire
843 2765 988 2827 furentem

103 2846 210 2908 audeat
231 2847 338 2910 aliatul
359 2867 434 2928 quae
450 2851 545 2928 prima
566 2848 686 2910 exordia
705 2847 871 2992 sumaih:

103 2938 190 3009 atque
211 2933 340 2993 animum
361 2951 441 2994 nunc
462 2933 521 2994 huc
544 2932 685 3002 celerem,
713 2930 798 2992 nunc
845 2931 923 3011 vidit
935 2932 1042 2994 illuc·
1077 2943 1128 2999 nee

105 3012 148 3096 [in
169 3016 319 3094 partisque
340 3017 418 3096 rapit
437 3019 530 3079 varias
552 3035 666 3096 perque
688 3016 785 3078 omnia
806 3015 972 3107 versat]

103 3097 176 3159 haee
197 3098 352 3161 alternanti
371 3103 468 3180 potior
489 3102 631 3164 sententia
653 3102 713 3161 risa
732 3107 821 3162 est
1076 3124 1211 3203 <W

102 3181 253 3243 Mnesthea
274 3184 504 3264 Sergestumque
527 3192 611 3246 vocat
631 3184 797 3261 fortemque
817 3183 983 3266 Serestum,
1214 3212 1249 3261 a,

103 3263 226 3327 classem
247 3275 347 3346 aptent
365 3271 444 3329 taciti
465 3269 626 3365 sociosque
638 3266 675 3326 ad
696 3265 782 3326 litora
803 3273 923 3341 cogant,
989 3266 990 3270 ’

103 3367 183 3410 arma
205 3358 371 3427 parentet,
395 3369 470 3429 quae
492 3351 581 3412 rebus
603 3351 640 3410 sit
658 3366 745 3410 causa
768 3347 949 3418 novandis,

102 3537 151 3578 uec
166 3539 249 3597 super
267 3523 326 3597 ipse
343 3531 389 3579 tua
405 3519 511 3579 moliris
529 3520 608 3579 laude
622 3520 744 3577 lahorem
